"Stockcode","Package","TradingDate","Price","Vol","TotalVol","TotalVal","Change","IsBuy","PerChange"
"MSN",144507,"/Date(1704181501000)/",68400,125300,3624100,247700000000,1400,false,2.09
"MSN",143000,"/Date(1704180597000)/",68600,1000,3498800,239129000000,1600,false,2.39
"MSN",142956,"/Date(1704180594000)/",68500,400,3497800,239061000000,1500,true,2.24
"MSN",142956,"/Date(1704180593000)/",68600,2000,3497400,239033000000,1600,false,2.39
"MSN",142947,"/Date(1704180583000)/",68600,3000,3495400,238896000000,1600,false,2.39
"MSN",142944,"/Date(1704180583000)/",68500,1400,3492400,238690000000,1500,true,2.24
"MSN",142944,"/Date(1704180583000)/",68500,600,3491000,238595000000,1500,true,2.24
"MSN",142944,"/Date(1704180581000)/",68600,400,3490400,238553000000,1600,false,2.39
"MSN",142944,"/Date(1704180581000)/",68600,1000,3490000,238526000000,1600,false,2.39
"MSN",142940,"/Date(1704180577000)/",68600,100,3489000,238457000000,1600,false,2.39
"MSN",142937,"/Date(1704180577000)/",68600,1000,3488900,238451000000,1600,false,2.39
"MSN",142934,"/Date(1704180573000)/",68600,2000,3487900,238382000000,1600,false,2.39
"MSN",142934,"/Date(1704180573000)/",68600,900,3485900,238245000000,1600,false,2.39
"MSN",142934,"/Date(1704180573000)/",68600,100,3485000,238183000000,1600,false,2.39
"MSN",142934,"/Date(1704180573000)/",68600,200,3484900,238176000000,1600,false,2.39
"MSN",142934,"/Date(1704180573000)/",68600,800,3484700,238162000000,1600,false,2.39
"MSN",142928,"/Date(1704180565000)/",68600,300,3483900,238108000000,1600,false,2.39
"MSN",142921,"/Date(1704180560000)/",68500,300,3483600,238087000000,1500,true,2.24
"MSN",142921,"/Date(1704180559000)/",68500,100,3483300,238066000000,1500,true,2.24
"MSN",142918,"/Date(1704180554000)/",68500,500,3483200,238060000000,1500,true,2.24
"MSN",142915,"/Date(1704180553000)/",68500,100,3482700,238025000000,1500,true,2.24
"MSN",142912,"/Date(1704180549000)/",68600,1000,3482600,238018000000,1600,false,2.39
"MSN",142905,"/Date(1704180544000)/",68600,2900,3481600,237950000000,1600,false,2.39
"MSN",142905,"/Date(1704180544000)/",68600,100,3478700,237751000000,1600,false,2.39
"MSN",142905,"/Date(1704180544000)/",68600,100,3478600,237744000000,1600,false,2.39
"MSN",142905,"/Date(1704180544000)/",68600,100,3478500,237737000000,1600,false,2.39
"MSN",142905,"/Date(1704180544000)/",68600,300,3478400,237730000000,1600,false,2.39
"MSN",142852,"/Date(1704180529000)/",68500,5000,3478100,237710000000,1500,true,2.24
"MSN",142846,"/Date(1704180525000)/",68500,2000,3473100,237367000000,1500,true,2.24
"MSN",142843,"/Date(1704180521000)/",68500,3000,3471100,237230000000,1500,true,2.24
"MSN",142840,"/Date(1704180517000)/",68500,800,3468100,237025000000,1500,true,2.24
"MSN",142821,"/Date(1704180498000)/",68600,300,3467300,236970000000,1600,false,2.39
"MSN",142817,"/Date(1704180493000)/",68600,100,3467000,236949000000,1600,false,2.39
"MSN",142801,"/Date(1704180479000)/",68500,2000,3466900,236943000000,1500,true,2.24
"MSN",142755,"/Date(1704180473000)/",68600,900,3464900,236806000000,1600,false,2.39
"MSN",142755,"/Date(1704180473000)/",68600,100,3464000,236744000000,1600,false,2.39
"MSN",142755,"/Date(1704180472000)/",68500,3200,3463900,236737000000,1500,true,2.24
"MSN",142755,"/Date(1704180472000)/",68500,100,3460700,236518000000,1500,true,2.24
"MSN",142755,"/Date(1704180472000)/",68500,500,3460600,236511000000,1500,true,2.24
"MSN",142755,"/Date(1704180472000)/",68500,100,3460100,236477000000,1500,true,2.24
"MSN",142755,"/Date(1704180472000)/",68500,200,3460000,236470000000,1500,true,2.24
"MSN",142752,"/Date(1704180471000)/",68500,2000,3459800,236456000000,1500,true,2.24
"MSN",142742,"/Date(1704180461000)/",68500,1300,3457800,236319000000,1500,true,2.24
"MSN",142739,"/Date(1704180457000)/",68600,200,3456500,236230000000,1600,false,2.39
"MSN",142736,"/Date(1704180454000)/",68600,100,3456300,236216000000,1600,false,2.39
"MSN",142713,"/Date(1704180430000)/",68600,200,3456200,236209000000,1600,true,2.39
"MSN",142710,"/Date(1704180428000)/",68600,100,3456000,236196000000,1600,false,2.39
"MSN",142710,"/Date(1704180426000)/",68600,800,3455900,236189000000,1600,false,2.39
"MSN",142707,"/Date(1704180424000)/",68600,700,3455100,236134000000,1600,false,2.39
"MSN",142707,"/Date(1704180424000)/",68600,200,3454400,236086000000,1600,false,2.39
"MSN",142707,"/Date(1704180424000)/",68600,500,3454200,236072000000,1600,false,2.39
"MSN",142707,"/Date(1704180424000)/",68600,600,3453700,236038000000,1600,false,2.39
"MSN",142707,"/Date(1704180423000)/",68600,200,3453100,235997000000,1600,false,2.39
"MSN",142647,"/Date(1704180404000)/",68600,1000,3452900,235983000000,1600,false,2.39
"MSN",142647,"/Date(1704180404000)/",68600,100,3451900,235914000000,1600,false,2.39
"MSN",142644,"/Date(1704180402000)/",68600,100,3451800,235908000000,1600,false,2.39
"MSN",142644,"/Date(1704180402000)/",68600,400,3451700,235901000000,1600,false,2.39
"MSN",142644,"/Date(1704180401000)/",68600,200,3451300,235873000000,1600,false,2.39
"MSN",142641,"/Date(1704180399000)/",68600,700,3451100,235860000000,1600,false,2.39
"MSN",142641,"/Date(1704180399000)/",68600,1100,3450400,235812000000,1600,false,2.39
"MSN",142635,"/Date(1704180392000)/",68600,100,3449300,235736000000,1600,false,2.39
"MSN",142631,"/Date(1704180389000)/",68600,500,3449200,235729000000,1600,false,2.39
"MSN",142625,"/Date(1704180383000)/",68600,2000,3448700,235695000000,1600,false,2.39
"MSN",142625,"/Date(1704180383000)/",68600,4500,3446700,235558000000,1600,false,2.39
"MSN",142625,"/Date(1704180381000)/",68600,100,3442200,235249000000,1600,false,2.39
"MSN",142615,"/Date(1704180374000)/",68600,100,3442100,235242000000,1600,false,2.39
"MSN",142612,"/Date(1704180371000)/",68600,300,3442000,235235000000,1600,false,2.39
"MSN",142612,"/Date(1704180371000)/",68600,400,3441700,235215000000,1600,false,2.39
"MSN",142612,"/Date(1704180371000)/",68600,100,3441300,235187000000,1600,false,2.39
"MSN",142612,"/Date(1704180371000)/",68600,200,3441200,235180000000,1600,false,2.39
"MSN",142612,"/Date(1704180371000)/",68600,300,3441000,235167000000,1600,false,2.39
"MSN",142603,"/Date(1704180360000)/",68500,200,3440700,235146000000,1500,true,2.24
"MSN",142600,"/Date(1704180358000)/",68500,300,3440500,235132000000,1500,true,2.24
"MSN",142600,"/Date(1704180358000)/",68500,200,3440200,235112000000,1500,true,2.24
"MSN",142556,"/Date(1704180354000)/",68500,300,3440000,235098000000,1500,true,2.24
"MSN",142556,"/Date(1704180354000)/",68500,500,3439700,235078000000,1500,true,2.24
"MSN",142556,"/Date(1704180354000)/",68500,200,3439200,235043000000,1500,true,2.24
"MSN",142556,"/Date(1704180354000)/",68500,500,3439000,235030000000,1500,true,2.24
"MSN",142556,"/Date(1704180353000)/",68600,100,3438500,234995000000,1600,false,2.39
"MSN",142556,"/Date(1704180353000)/",68500,500,3438400,234989000000,1500,true,2.24
"MSN",142550,"/Date(1704180347000)/",68600,100,3437900,234954000000,1600,false,2.39
"MSN",142550,"/Date(1704180347000)/",68600,500,3437800,234947000000,1600,false,2.39
"MSN",142550,"/Date(1704180347000)/",68600,500,3437300,234913000000,1600,false,2.39
"MSN",142540,"/Date(1704180337000)/",68600,5000,3436800,234879000000,1600,true,2.39
"MSN",142534,"/Date(1704180332000)/",68600,500,3431800,234536000000,1600,false,2.39
"MSN",142531,"/Date(1704180328000)/",68500,600,3431300,234502000000,1500,true,2.24
"MSN",142528,"/Date(1704180326000)/",68600,900,3430700,234460000000,1600,false,2.39
"MSN",142508,"/Date(1704180306000)/",68500,100,3429800,234399000000,1500,true,2.24
"MSN",142508,"/Date(1704180306000)/",68500,500,3429700,234392000000,1500,true,2.24
"MSN",142508,"/Date(1704180306000)/",68500,1000,3429200,234358000000,1500,true,2.24
"MSN",142508,"/Date(1704180306000)/",68500,500,3428200,234289000000,1500,true,2.24
"MSN",142508,"/Date(1704180306000)/",68600,500,3427700,234255000000,1600,true,2.39
"MSN",142508,"/Date(1704180306000)/",68600,100,3427200,234221000000,1600,true,2.39
"MSN",142508,"/Date(1704180306000)/",68600,500,3427100,234214000000,1600,true,2.39
"MSN",142508,"/Date(1704180306000)/",68600,1000,3426600,234179000000,1600,true,2.39
"MSN",142508,"/Date(1704180306000)/",68600,2000,3425600,234111000000,1600,true,2.39
"MSN",142508,"/Date(1704180306000)/",68600,500,3423600,233974000000,1600,true,2.39
"MSN",142508,"/Date(1704180306000)/",68600,200,3423100,233939000000,1600,true,2.39
"MSN",142508,"/Date(1704180306000)/",68600,100,3422900,233926000000,1600,true,2.39
"MSN",142508,"/Date(1704180306000)/",68700,300,3422800,233919000000,1700,true,2.54
"MSN",142508,"/Date(1704180306000)/",68700,100,3422500,233898000000,1700,true,2.54
"MSN",142508,"/Date(1704180306000)/",68700,2600,3422400,233891000000,1700,true,2.54
"MSN",142505,"/Date(1704180303000)/",68700,2300,3419800,233713000000,1700,true,2.54
"MSN",142505,"/Date(1704180303000)/",68700,500,3417500,233555000000,1700,true,2.54
"MSN",142505,"/Date(1704180303000)/",68700,1000,3417000,233520000000,1700,true,2.54
"MSN",142505,"/Date(1704180303000)/",68700,100,3416000,233452000000,1700,true,2.54
"MSN",142505,"/Date(1704180303000)/",68700,1100,3415900,233445000000,1700,true,2.54
"MSN",142502,"/Date(1704180300000)/",68700,1000,3414800,233369000000,1700,true,2.54
"MSN",142459,"/Date(1704180296000)/",68800,100,3413800,233300000000,1800,false,2.69
"MSN",142459,"/Date(1704180296000)/",68800,900,3413700,233294000000,1800,false,2.69
"MSN",142446,"/Date(1704180282000)/",68700,800,3412800,233232000000,1700,true,2.54
"MSN",142443,"/Date(1704180280000)/",68700,300,3412000,233177000000,1700,true,2.54
"MSN",142443,"/Date(1704180280000)/",68700,100,3411700,233156000000,1700,true,2.54
"MSN",142443,"/Date(1704180279000)/",68700,100,3411600,233149000000,1700,true,2.54
"MSN",142440,"/Date(1704180276000)/",68700,100,3411500,233142000000,1700,true,2.54
"MSN",142436,"/Date(1704180274000)/",68700,100,3411400,233135000000,1700,true,2.54
"MSN",142433,"/Date(1704180271000)/",68700,200,3411300,233129000000,1700,true,2.54
"MSN",142430,"/Date(1704180266000)/",68700,500,3411100,233115000000,1700,true,2.54
"MSN",142420,"/Date(1704180258000)/",68700,700,3410600,233080000000,1700,true,2.54
"MSN",142420,"/Date(1704180258000)/",68700,1000,3409900,233032000000,1700,true,2.54
"MSN",142420,"/Date(1704180258000)/",68700,100,3408900,232964000000,1700,true,2.54
"MSN",142420,"/Date(1704180258000)/",68700,100,3408800,232957000000,1700,true,2.54
"MSN",142420,"/Date(1704180258000)/",68700,100,3408700,232950000000,1700,true,2.54
"MSN",142420,"/Date(1704180258000)/",68700,8000,3408600,232943000000,1700,true,2.54
"MSN",142404,"/Date(1704180243000)/",68800,100,3400600,232393000000,1800,false,2.69
"MSN",142401,"/Date(1704180237000)/",68700,2000,3400500,232387000000,1700,true,2.54
"MSN",142401,"/Date(1704180237000)/",68700,200,3398500,232249000000,1700,true,2.54
"MSN",142401,"/Date(1704180237000)/",68800,100,3398300,232235000000,1800,true,2.69
"MSN",142401,"/Date(1704180237000)/",68800,100,3398200,232229000000,1800,true,2.69
"MSN",142401,"/Date(1704180237000)/",68800,600,3398100,232222000000,1800,true,2.69
"MSN",142358,"/Date(1704180235000)/",68800,2400,3397500,232180000000,1800,true,2.69
"MSN",142358,"/Date(1704180235000)/",68800,1500,3395100,232015000000,1800,true,2.69
"MSN",142355,"/Date(1704180231000)/",68800,500,3393600,231912000000,1800,true,2.69
"MSN",142352,"/Date(1704180229000)/",68800,300,3393100,231878000000,1800,true,2.69
"MSN",142352,"/Date(1704180229000)/",68800,700,3392800,231857000000,1800,true,2.69
"MSN",142348,"/Date(1704180225000)/",68800,1000,3392100,231809000000,1800,true,2.69
"MSN",142348,"/Date(1704180225000)/",68800,100,3391100,231740000000,1800,true,2.69
"MSN",142345,"/Date(1704180224000)/",68800,200,3391000,231733000000,1800,true,2.69
"MSN",142342,"/Date(1704180218000)/",68800,1100,3390800,231719000000,1800,true,2.69
"MSN",142332,"/Date(1704180211000)/",68800,1900,3389700,231644000000,1800,true,2.69
"MSN",142332,"/Date(1704180211000)/",68800,1500,3387800,231513000000,1800,true,2.69
"MSN",142332,"/Date(1704180211000)/",68800,200,3386300,231410000000,1800,true,2.69
"MSN",142332,"/Date(1704180211000)/",68800,100,3386100,231396000000,1800,true,2.69
"MSN",142332,"/Date(1704180211000)/",68800,1000,3386000,231389000000,1800,true,2.69
"MSN",142332,"/Date(1704180211000)/",68800,300,3385000,231320000000,1800,true,2.69
"MSN",142332,"/Date(1704180208000)/",68800,200,3384700,231300000000,1800,true,2.69
"MSN",142326,"/Date(1704180204000)/",68800,500,3384500,231286000000,1800,true,2.69
"MSN",142323,"/Date(1704180200000)/",68800,100,3384000,231252000000,1800,true,2.69
"MSN",142323,"/Date(1704180200000)/",68900,200,3383900,231245000000,1900,false,2.84
"MSN",142323,"/Date(1704180200000)/",68900,100,3383700,231231000000,1900,false,2.84
"MSN",142323,"/Date(1704180200000)/",68900,100,3383600,231224000000,1900,false,2.84
"MSN",142316,"/Date(1704180195000)/",68900,200,3383500,231217000000,1900,true,2.84
"MSN",142316,"/Date(1704180195000)/",68900,100,3383300,231203000000,1900,true,2.84
"MSN",142316,"/Date(1704180195000)/",68900,100,3383200,231197000000,1900,true,2.84
"MSN",142316,"/Date(1704180195000)/",68900,100,3383100,231190000000,1900,true,2.84
"MSN",142316,"/Date(1704180195000)/",68900,100,3383000,231183000000,1900,true,2.84
"MSN",142316,"/Date(1704180195000)/",68900,700,3382900,231176000000,1900,true,2.84
"MSN",142316,"/Date(1704180195000)/",68900,200,3382200,231128000000,1900,true,2.84
"MSN",142316,"/Date(1704180194000)/",68900,300,3382000,231114000000,1900,true,2.84
"MSN",142316,"/Date(1704180194000)/",68900,100,3381700,231093000000,1900,true,2.84
"MSN",142316,"/Date(1704180194000)/",68900,100,3381600,231086000000,1900,true,2.84
"MSN",142313,"/Date(1704180191000)/",68900,400,3381500,231079000000,1900,true,2.84
"MSN",142313,"/Date(1704180191000)/",68900,1000,3381100,231052000000,1900,true,2.84
"MSN",142313,"/Date(1704180191000)/",68900,2000,3380100,230983000000,1900,true,2.84
"MSN",142313,"/Date(1704180191000)/",68900,1600,3378100,230845000000,1900,true,2.84
"MSN",142257,"/Date(1704180175000)/",69000,1000,3376500,230735000000,2000,false,2.99
"MSN",142238,"/Date(1704180155000)/",69000,100,3375500,230666000000,2000,true,2.99
"MSN",142238,"/Date(1704180155000)/",69000,100,3375400,230659000000,2000,true,2.99
"MSN",142238,"/Date(1704180155000)/",69000,500,3375300,230652000000,2000,true,2.99
"MSN",142238,"/Date(1704180155000)/",69000,500,3374800,230618000000,2000,true,2.99
"MSN",142238,"/Date(1704180155000)/",69000,100,3374300,230583000000,2000,true,2.99
"MSN",142238,"/Date(1704180155000)/",69000,300,3374200,230576000000,2000,true,2.99
"MSN",142238,"/Date(1704180155000)/",69000,300,3373900,230555000000,2000,true,2.99
"MSN",142238,"/Date(1704180155000)/",69000,1800,3373600,230535000000,2000,true,2.99
"MSN",142238,"/Date(1704180155000)/",69000,200,3371800,230411000000,2000,true,2.99
"MSN",142238,"/Date(1704180155000)/",69000,800,3371600,230397000000,2000,true,2.99
"MSN",142235,"/Date(1704180152000)/",69000,2700,3370800,230342000000,2000,true,2.99
"MSN",142235,"/Date(1704180152000)/",69000,500,3368100,230155000000,2000,true,2.99
"MSN",142235,"/Date(1704180152000)/",69000,100,3367600,230121000000,2000,true,2.99
"MSN",142235,"/Date(1704180152000)/",69000,100,3367500,230114000000,2000,true,2.99
"MSN",142235,"/Date(1704180152000)/",69000,1000,3367400,230107000000,2000,true,2.99
"MSN",142235,"/Date(1704180152000)/",69000,100,3366400,230038000000,2000,true,2.99
"MSN",142235,"/Date(1704180152000)/",69000,100,3366300,230031000000,2000,true,2.99
"MSN",142235,"/Date(1704180152000)/",69000,400,3366200,230024000000,2000,true,2.99
"MSN",142235,"/Date(1704180151000)/",69000,300,3365800,229997000000,2000,true,2.99
"MSN",142235,"/Date(1704180151000)/",69000,500,3365500,229976000000,2000,true,2.99
"MSN",142235,"/Date(1704180151000)/",69000,200,3365000,229941000000,2000,true,2.99
"MSN",142231,"/Date(1704180150000)/",69000,500,3364800,229928000000,2000,true,2.99
"MSN",142231,"/Date(1704180150000)/",69000,800,3364300,229893000000,2000,true,2.99
"MSN",142231,"/Date(1704180150000)/",69000,1900,3363500,229838000000,2000,true,2.99
"MSN",142231,"/Date(1704180150000)/",69000,100,3361600,229707000000,2000,true,2.99
"MSN",142231,"/Date(1704180150000)/",69000,800,3361500,229700000000,2000,true,2.99
"MSN",142231,"/Date(1704180150000)/",69000,100,3360700,229645000000,2000,true,2.99
"MSN",142231,"/Date(1704180150000)/",69000,500,3360600,229638000000,2000,true,2.99
"MSN",142231,"/Date(1704180150000)/",69000,5000,3360100,229603000000,2000,true,2.99
"MSN",142231,"/Date(1704180150000)/",69000,200,3355100,229258000000,2000,true,2.99
"MSN",142231,"/Date(1704180150000)/",69000,600,3354900,229244000000,2000,true,2.99
"MSN",142231,"/Date(1704180149000)/",69000,400,3354300,229203000000,2000,true,2.99
"MSN",142231,"/Date(1704180149000)/",69000,100,3353900,229175000000,2000,true,2.99
"MSN",142231,"/Date(1704180149000)/",69000,4300,3353800,229169000000,2000,true,2.99
"MSN",142231,"/Date(1704180148000)/",69000,500,3349500,228872000000,2000,true,2.99
"MSN",142228,"/Date(1704180146000)/",69000,500,3349000,228837000000,2000,true,2.99
"MSN",142225,"/Date(1704180143000)/",69000,800,3348500,228803000000,2000,true,2.99
"MSN",142225,"/Date(1704180141000)/",69000,100,3347700,228748000000,2000,true,2.99
"MSN",142222,"/Date(1704180139000)/",69000,100,3347600,228741000000,2000,true,2.99
"MSN",142222,"/Date(1704180138000)/",69000,3000,3347500,228734000000,2000,true,2.99
"MSN",142222,"/Date(1704180138000)/",69000,500,3344500,228527000000,2000,true,2.99
"MSN",142215,"/Date(1704180135000)/",69100,200,3344000,228492000000,2100,false,3.13
"MSN",142212,"/Date(1704180131000)/",69000,1000,3343800,228479000000,2000,true,2.99
"MSN",142212,"/Date(1704180131000)/",69000,700,3342800,228410000000,2000,true,2.99
"MSN",142209,"/Date(1704180127000)/",69000,100,3342100,228361000000,2000,true,2.99
"MSN",142206,"/Date(1704180125000)/",69000,500,3342000,228354000000,2000,true,2.99
"MSN",142206,"/Date(1704180122000)/",69000,200,3341500,228320000000,2000,true,2.99
"MSN",142203,"/Date(1704180120000)/",69000,3000,3341300,228306000000,2000,true,2.99
"MSN",142203,"/Date(1704180120000)/",69100,100,3338300,228099000000,2100,false,3.13
"MSN",142150,"/Date(1704180108000)/",69100,200,3338200,228092000000,2100,false,3.13
"MSN",142150,"/Date(1704180106000)/",69000,2200,3338000,228078000000,2000,true,2.99
"MSN",142146,"/Date(1704180106000)/",69000,100,3335800,227927000000,2000,true,2.99
"MSN",142137,"/Date(1704180096000)/",69100,1200,3335700,227920000000,2100,true,3.13
"MSN",142137,"/Date(1704180094000)/",69100,100,3334500,227837000000,2100,true,3.13
"MSN",142137,"/Date(1704180094000)/",69100,3000,3334400,227830000000,2100,true,3.13
"MSN",142137,"/Date(1704180094000)/",69100,100,3331400,227623000000,2100,true,3.13
"MSN",142137,"/Date(1704180094000)/",69100,200,3331300,227616000000,2100,true,3.13
"MSN",142137,"/Date(1704180094000)/",69100,500,3331100,227602000000,2100,true,3.13
"MSN",142137,"/Date(1704180094000)/",69100,300,3330600,227567000000,2100,true,3.13
"MSN",142134,"/Date(1704180093000)/",69100,400,3330300,227547000000,2100,true,3.13
"MSN",142134,"/Date(1704180090000)/",69100,100,3329900,227519000000,2100,true,3.13
"MSN",142134,"/Date(1704180089000)/",69100,100,3329800,227512000000,2100,true,3.13
"MSN",142134,"/Date(1704180088000)/",69100,2000,3329700,227505000000,2100,true,3.13
"MSN",142134,"/Date(1704180085000)/",69100,3900,3327700,227367000000,2100,true,3.13
"MSN",142134,"/Date(1704180085000)/",69100,200,3323800,227097000000,2100,true,3.13
"MSN",142134,"/Date(1704180085000)/",69100,5900,3323600,227084000000,2100,true,3.13
"MSN",142130,"/Date(1704180083000)/",69200,300,3317700,226676000000,2200,false,3.28
"MSN",142121,"/Date(1704180077000)/",69200,1300,3317400,226655000000,2200,false,3.28
"MSN",142121,"/Date(1704180077000)/",69200,700,3316100,226565000000,2200,false,3.28
"MSN",142118,"/Date(1704180076000)/",69100,200,3315400,226517000000,2100,true,3.13
"MSN",142118,"/Date(1704180074000)/",69100,10500,3315200,226503000000,2100,true,3.13
"MSN",142111,"/Date(1704180067000)/",69100,3400,3304700,225777000000,2100,true,3.13
"MSN",142111,"/Date(1704180067000)/",69100,500,3301300,225542000000,2100,true,3.13
"MSN",142111,"/Date(1704180067000)/",69100,500,3300800,225508000000,2100,true,3.13
"MSN",142108,"/Date(1704180064000)/",69200,500,3300300,225473000000,2200,false,3.28
"MSN",142105,"/Date(1704180061000)/",69200,600,3299800,225439000000,2200,false,3.28
"MSN",142055,"/Date(1704180054000)/",69200,1100,3299200,225397000000,2200,true,3.28
"MSN",142055,"/Date(1704180054000)/",69200,500,3298100,225321000000,2200,true,3.28
"MSN",142055,"/Date(1704180054000)/",69200,700,3297600,225286000000,2200,true,3.28
"MSN",142055,"/Date(1704180054000)/",69200,100,3296900,225238000000,2200,true,3.28
"MSN",142055,"/Date(1704180054000)/",69200,300,3296800,225231000000,2200,true,3.28
"MSN",142055,"/Date(1704180052000)/",69200,200,3296500,225210000000,2200,true,3.28
"MSN",142055,"/Date(1704180052000)/",69200,1800,3296300,225196000000,2200,true,3.28
"MSN",142052,"/Date(1704180050000)/",69300,500,3294500,225072000000,2300,false,3.43
"MSN",142049,"/Date(1704180047000)/",69200,1000,3294000,225037000000,2200,true,3.28
"MSN",142049,"/Date(1704180047000)/",69200,100,3293000,224968000000,2200,true,3.28
"MSN",142049,"/Date(1704180046000)/",69200,1100,3292900,224961000000,2200,true,3.28
"MSN",142049,"/Date(1704180046000)/",69200,400,3291800,224885000000,2200,true,3.28
"MSN",142049,"/Date(1704180045000)/",69200,200,3291400,224857000000,2200,true,3.28
"MSN",142042,"/Date(1704180040000)/",69200,100,3291200,224844000000,2200,true,3.28
"MSN",142042,"/Date(1704180040000)/",69200,200,3291100,224837000000,2200,true,3.28
"MSN",142042,"/Date(1704180040000)/",69200,100,3290900,224823000000,2200,true,3.28
"MSN",142036,"/Date(1704180035000)/",69200,5000,3290800,224816000000,2200,true,3.28
"MSN",142033,"/Date(1704180029000)/",69300,800,3285800,224470000000,2300,false,3.43
"MSN",142033,"/Date(1704180029000)/",69300,200,3285000,224414000000,2300,false,3.43
"MSN",142033,"/Date(1704180029000)/",69300,900,3284800,224401000000,2300,false,3.43
"MSN",142033,"/Date(1704180029000)/",69300,100,3283900,224338000000,2300,false,3.43
"MSN",142033,"/Date(1704180029000)/",69300,100,3283800,224331000000,2300,false,3.43
"MSN",142033,"/Date(1704180029000)/",69300,200,3283700,224324000000,2300,false,3.43
"MSN",142033,"/Date(1704180029000)/",69300,1200,3283500,224310000000,2300,false,3.43
"MSN",142033,"/Date(1704180029000)/",69200,1000,3282300,224227000000,2200,true,3.28
"MSN",142030,"/Date(1704180026000)/",69200,200,3281300,224158000000,2200,true,3.28
"MSN",142023,"/Date(1704180021000)/",69300,100,3281100,224144000000,2300,false,3.43
"MSN",142020,"/Date(1704180019000)/",69200,2400,3281000,224137000000,2200,true,3.28
"MSN",142020,"/Date(1704180019000)/",69200,500,3278600,223971000000,2200,true,3.28
"MSN",142020,"/Date(1704180019000)/",69200,100,3278100,223937000000,2200,true,3.28
"MSN",142020,"/Date(1704180019000)/",69200,2000,3278000,223930000000,2200,true,3.28
"MSN",142016,"/Date(1704180014000)/",69200,3000,3276000,223791000000,2200,true,3.28
"MSN",142013,"/Date(1704180010000)/",69200,700,3273000,223584000000,2200,true,3.28
"MSN",142013,"/Date(1704180010000)/",69200,200,3272300,223535000000,2200,true,3.28
"MSN",142013,"/Date(1704180010000)/",69200,700,3272100,223521000000,2200,true,3.28
"MSN",142013,"/Date(1704180010000)/",69200,1400,3271400,223473000000,2200,true,3.28
"MSN",142004,"/Date(1704180000000)/",69200,1000,3270000,223376000000,2200,true,3.28
"MSN",142000,"/Date(1704179999000)/",69200,1000,3269000,223307000000,2200,true,3.28
"MSN",141957,"/Date(1704179995000)/",69200,1800,3268000,223238000000,2200,true,3.28
"MSN",141954,"/Date(1704179992000)/",69200,2000,3266200,223113000000,2200,true,3.28
"MSN",141951,"/Date(1704179990000)/",69200,2000,3264200,222975000000,2200,true,3.28
"MSN",141951,"/Date(1704179989000)/",69200,800,3262200,222836000000,2200,true,3.28
"MSN",141951,"/Date(1704179989000)/",69200,100,3261400,222781000000,2200,true,3.28
"MSN",141951,"/Date(1704179989000)/",69200,100,3261300,222774000000,2200,true,3.28
"MSN",141945,"/Date(1704179981000)/",69300,200,3261200,222767000000,2300,false,3.43
"MSN",141938,"/Date(1704179977000)/",69300,200,3261000,222753000000,2300,false,3.43
"MSN",141925,"/Date(1704179963000)/",69300,100,3260800,222739000000,2300,false,3.43
"MSN",141925,"/Date(1704179963000)/",69200,100,3260700,222732000000,2200,true,3.28
"MSN",141919,"/Date(1704179957000)/",69200,200,3260600,222726000000,2200,true,3.28
"MSN",141919,"/Date(1704179956000)/",69300,1000,3260400,222712000000,2300,false,3.43
"MSN",141919,"/Date(1704179955000)/",69200,500,3259400,222642000000,2200,true,3.28
"MSN",141916,"/Date(1704179953000)/",69200,4200,3258900,222608000000,2200,true,3.28
"MSN",141916,"/Date(1704179953000)/",69200,200,3254700,222317000000,2200,true,3.28
"MSN",141916,"/Date(1704179953000)/",69200,600,3254500,222303000000,2200,true,3.28
"MSN",141913,"/Date(1704179950000)/",69200,500,3253900,222262000000,2200,true,3.28
"MSN",141913,"/Date(1704179950000)/",69200,1000,3253400,222227000000,2200,true,3.28
"MSN",141909,"/Date(1704179949000)/",69200,500,3252400,222158000000,2200,true,3.28
"MSN",141909,"/Date(1704179948000)/",69200,100,3251900,222123000000,2200,true,3.28
"MSN",141909,"/Date(1704179948000)/",69200,200,3251800,222117000000,2200,true,3.28
"MSN",141909,"/Date(1704179948000)/",69200,200,3251600,222103000000,2200,true,3.28
"MSN",141909,"/Date(1704179948000)/",69200,100,3251400,222089000000,2200,true,3.28
"MSN",141909,"/Date(1704179948000)/",69200,400,3251300,222082000000,2200,true,3.28
"MSN",141906,"/Date(1704179944000)/",69200,300,3250900,222054000000,2200,true,3.28
"MSN",141906,"/Date(1704179944000)/",69200,200,3250600,222033000000,2200,true,3.28
"MSN",141906,"/Date(1704179943000)/",69200,4000,3250400,222020000000,2200,true,3.28
"MSN",141906,"/Date(1704179943000)/",69200,400,3246400,221743000000,2200,true,3.28
"MSN",141906,"/Date(1704179943000)/",69200,200,3246000,221715000000,2200,true,3.28
"MSN",141906,"/Date(1704179943000)/",69200,2000,3245800,221701000000,2200,true,3.28
"MSN",141857,"/Date(1704179936000)/",69200,100,3243800,221563000000,2200,true,3.28
"MSN",141853,"/Date(1704179932000)/",69300,500,3243700,221556000000,2300,false,3.43
"MSN",141853,"/Date(1704179932000)/",69200,900,3243200,221521000000,2200,true,3.28
"MSN",141853,"/Date(1704179932000)/",69200,1000,3242300,221459000000,2200,true,3.28
"MSN",141853,"/Date(1704179932000)/",69200,2700,3241300,221390000000,2200,true,3.28
"MSN",141853,"/Date(1704179931000)/",69200,500,3238600,221203000000,2200,true,3.28
"MSN",141850,"/Date(1704179928000)/",69200,200,3238100,221168000000,2200,true,3.28
"MSN",141847,"/Date(1704179925000)/",69200,100,3237900,221155000000,2200,true,3.28
"MSN",141847,"/Date(1704179925000)/",69200,100,3237800,221148000000,2200,true,3.28
"MSN",141847,"/Date(1704179924000)/",69300,5000,3237700,221141000000,2300,false,3.43
"MSN",141847,"/Date(1704179924000)/",69200,200,3232700,220794000000,2200,true,3.28
"MSN",141844,"/Date(1704179922000)/",69200,100,3232500,220780000000,2200,true,3.28
"MSN",141844,"/Date(1704179921000)/",69200,200,3232400,220773000000,2200,true,3.28
"MSN",141841,"/Date(1704179920000)/",69200,400,3232200,220760000000,2200,true,3.28
"MSN",141841,"/Date(1704179920000)/",69300,100,3231800,220732000000,2300,false,3.43
"MSN",141837,"/Date(1704179917000)/",69200,500,3231700,220725000000,2200,true,3.28
"MSN",141837,"/Date(1704179916000)/",69200,200,3231200,220690000000,2200,true,3.28
"MSN",141837,"/Date(1704179915000)/",69200,100,3231000,220677000000,2200,true,3.28
"MSN",141834,"/Date(1704179912000)/",69300,1000,3230900,220670000000,2300,false,3.43
"MSN",141834,"/Date(1704179911000)/",69200,4700,3229900,220600000000,2200,true,3.28
"MSN",141834,"/Date(1704179911000)/",69200,300,3225200,220275000000,2200,true,3.28
"MSN",141828,"/Date(1704179904000)/",69200,500,3224900,220254000000,2200,true,3.28
"MSN",141825,"/Date(1704179903000)/",69200,100,3224400,220220000000,2200,true,3.28
"MSN",141822,"/Date(1704179899000)/",69200,500,3224300,220213000000,2200,true,3.28
"MSN",141818,"/Date(1704179897000)/",69200,1100,3223800,220178000000,2200,true,3.28
"MSN",141818,"/Date(1704179896000)/",69200,1000,3222700,220102000000,2200,true,3.28
"MSN",141815,"/Date(1704179894000)/",69200,500,3221700,220033000000,2200,true,3.28
"MSN",141815,"/Date(1704179892000)/",69200,500,3221200,219998000000,2200,true,3.28
"MSN",141815,"/Date(1704179892000)/",69300,500,3220700,219964000000,2300,false,3.43
"MSN",141815,"/Date(1704179892000)/",69200,100,3220200,219929000000,2200,true,3.28
"MSN",141812,"/Date(1704179891000)/",69200,300,3220100,219922000000,2200,true,3.28
"MSN",141812,"/Date(1704179891000)/",69200,500,3219800,219901000000,2200,true,3.28
"MSN",141812,"/Date(1704179888000)/",69200,100,3219300,219867000000,2200,true,3.28
"MSN",141806,"/Date(1704179884000)/",69200,500,3219200,219860000000,2200,true,3.28
"MSN",141806,"/Date(1704179883000)/",69300,100,3218700,219825000000,2300,false,3.43
"MSN",141802,"/Date(1704179879000)/",69200,500,3218600,219818000000,2200,true,3.28
"MSN",141759,"/Date(1704179875000)/",69200,100,3218100,219784000000,2200,true,3.28
"MSN",141756,"/Date(1704179874000)/",69200,500,3218000,219777000000,2200,true,3.28
"MSN",141756,"/Date(1704179873000)/",69200,2000,3217500,219742000000,2200,true,3.28
"MSN",141753,"/Date(1704179869000)/",69200,200,3215500,219604000000,2200,true,3.28
"MSN",141750,"/Date(1704179868000)/",69200,700,3215300,219590000000,2200,true,3.28
"MSN",141750,"/Date(1704179868000)/",69200,100,3214600,219542000000,2200,true,3.28
"MSN",141750,"/Date(1704179868000)/",69200,300,3214500,219535000000,2200,true,3.28
"MSN",141750,"/Date(1704179868000)/",69200,1000,3214200,219514000000,2200,true,3.28
"MSN",141750,"/Date(1704179868000)/",69200,100,3213200,219445000000,2200,true,3.28
"MSN",141750,"/Date(1704179868000)/",69200,100,3213100,219438000000,2200,true,3.28
"MSN",141750,"/Date(1704179868000)/",69200,2000,3213000,219431000000,2200,true,3.28
"MSN",141750,"/Date(1704179868000)/",69200,700,3211000,219292000000,2200,true,3.28
"MSN",141750,"/Date(1704179868000)/",69200,200,3210300,219244000000,2200,true,3.28
"MSN",141750,"/Date(1704179866000)/",69200,500,3210100,219230000000,2200,true,3.28
"MSN",141746,"/Date(1704179864000)/",69200,200,3209600,219196000000,2200,true,3.28
"MSN",141743,"/Date(1704179860000)/",69200,100,3209400,219182000000,2200,true,3.28
"MSN",141740,"/Date(1704179859000)/",69200,500,3209300,219175000000,2200,true,3.28
"MSN",141740,"/Date(1704179859000)/",69200,500,3208800,219140000000,2200,true,3.28
"MSN",141737,"/Date(1704179855000)/",69200,300,3208300,219106000000,2200,true,3.28
"MSN",141737,"/Date(1704179855000)/",69200,200,3208000,219085000000,2200,true,3.28
"MSN",141737,"/Date(1704179855000)/",69200,500,3207800,219071000000,2200,true,3.28
"MSN",141737,"/Date(1704179854000)/",69200,100,3207300,219036000000,2200,true,3.28
"MSN",141737,"/Date(1704179853000)/",69200,100,3207200,219029000000,2200,true,3.28
"MSN",141737,"/Date(1704179853000)/",69200,500,3207100,219023000000,2200,true,3.28
"MSN",141737,"/Date(1704179853000)/",69200,400,3206600,218988000000,2200,true,3.28
"MSN",141730,"/Date(1704179849000)/",69200,200,3206200,218960000000,2200,true,3.28
"MSN",141730,"/Date(1704179849000)/",69200,500,3206000,218946000000,2200,true,3.28
"MSN",141730,"/Date(1704179847000)/",69200,100,3205500,218912000000,2200,true,3.28
"MSN",141727,"/Date(1704179844000)/",69200,500,3205400,218905000000,2200,true,3.28
"MSN",141727,"/Date(1704179844000)/",69200,100,3204900,218870000000,2200,true,3.28
"MSN",141727,"/Date(1704179844000)/",69200,100,3204800,218863000000,2200,true,3.28
"MSN",141724,"/Date(1704179843000)/",69200,400,3204700,218856000000,2200,true,3.28
"MSN",141724,"/Date(1704179841000)/",69200,100,3204300,218829000000,2200,true,3.28
"MSN",141724,"/Date(1704179840000)/",69200,500,3204200,218822000000,2200,true,3.28
"MSN",141721,"/Date(1704179839000)/",69200,100,3203700,218787000000,2200,false,3.28
"MSN",141721,"/Date(1704179838000)/",69200,200,3203600,218780000000,2200,false,3.28
"MSN",141721,"/Date(1704179838000)/",69200,300,3203400,218767000000,2200,false,3.28
"MSN",141721,"/Date(1704179838000)/",69200,200,3203100,218746000000,2200,false,3.28
"MSN",141718,"/Date(1704179836000)/",69200,200,3202900,218732000000,2200,false,3.28
"MSN",141714,"/Date(1704179833000)/",69200,500,3202700,218718000000,2200,true,3.28
"MSN",141714,"/Date(1704179833000)/",69200,300,3202200,218683000000,2200,true,3.28
"MSN",141714,"/Date(1704179833000)/",69200,1800,3201900,218663000000,2200,true,3.28
"MSN",141711,"/Date(1704179828000)/",69200,500,3200100,218538000000,2200,false,3.28
"MSN",141711,"/Date(1704179828000)/",69200,300,3199600,218504000000,2200,false,3.28
"MSN",141711,"/Date(1704179828000)/",69200,2000,3199300,218483000000,2200,false,3.28
"MSN",141711,"/Date(1704179828000)/",69200,500,3197300,218344000000,2200,false,3.28
"MSN",141711,"/Date(1704179828000)/",69200,1500,3196800,218310000000,2200,false,3.28
"MSN",141711,"/Date(1704179828000)/",69200,100,3195300,218206000000,2200,false,3.28
"MSN",141711,"/Date(1704179828000)/",69200,300,3195200,218199000000,2200,false,3.28
"MSN",141711,"/Date(1704179828000)/",69200,500,3194900,218178000000,2200,false,3.28
"MSN",141711,"/Date(1704179828000)/",69200,2500,3194400,218144000000,2200,false,3.28
"MSN",141708,"/Date(1704179825000)/",69200,900,3191900,217971000000,2200,false,3.28
"MSN",141708,"/Date(1704179825000)/",69100,500,3191000,217908000000,2100,true,3.13
"MSN",141708,"/Date(1704179825000)/",69200,500,3190500,217874000000,2200,false,3.28
"MSN",141702,"/Date(1704179820000)/",69200,5100,3190000,217839000000,2200,false,3.28
"MSN",141702,"/Date(1704179820000)/",69200,200,3184900,217486000000,2200,false,3.28
"MSN",141702,"/Date(1704179820000)/",69200,1000,3184700,217473000000,2200,false,3.28
"MSN",141702,"/Date(1704179820000)/",69200,100,3183700,217403000000,2200,false,3.28
"MSN",141702,"/Date(1704179820000)/",69200,400,3183600,217396000000,2200,false,3.28
"MSN",141702,"/Date(1704179820000)/",69200,700,3183200,217369000000,2200,false,3.28
"MSN",141702,"/Date(1704179820000)/",69200,100,3182500,217320000000,2200,false,3.28
"MSN",141702,"/Date(1704179820000)/",69200,2000,3182400,217313000000,2200,false,3.28
"MSN",141702,"/Date(1704179820000)/",69200,100,3180400,217175000000,2200,false,3.28
"MSN",141702,"/Date(1704179820000)/",69200,200,3180300,217168000000,2200,false,3.28
"MSN",141702,"/Date(1704179820000)/",69200,100,3180100,217154000000,2200,false,3.28
"MSN",141702,"/Date(1704179820000)/",69200,200,3180000,217147000000,2200,false,3.28
"MSN",141702,"/Date(1704179820000)/",69200,1000,3179800,217133000000,2200,false,3.28
"MSN",141702,"/Date(1704179820000)/",69200,500,3178800,217064000000,2200,false,3.28
"MSN",141702,"/Date(1704179820000)/",69200,500,3178300,217030000000,2200,false,3.28
"MSN",141702,"/Date(1704179820000)/",69200,100,3177800,216995000000,2200,false,3.28
"MSN",141702,"/Date(1704179820000)/",69200,400,3177700,216988000000,2200,false,3.28
"MSN",141702,"/Date(1704179820000)/",69200,20000,3177300,216960000000,2200,false,3.28
"MSN",141702,"/Date(1704179820000)/",69200,1800,3157300,215576000000,2200,false,3.28
"MSN",141702,"/Date(1704179820000)/",69200,500,3155500,215452000000,2200,false,3.28
"MSN",141702,"/Date(1704179820000)/",69200,500,3155000,215417000000,2200,false,3.28
"MSN",141702,"/Date(1704179820000)/",69200,200,3154500,215383000000,2200,false,3.28
"MSN",141702,"/Date(1704179820000)/",69200,100,3154300,215369000000,2200,false,3.28
"MSN",141702,"/Date(1704179820000)/",69200,500,3154200,215362000000,2200,false,3.28
"MSN",141702,"/Date(1704179820000)/",69200,100,3153700,215327000000,2200,false,3.28
"MSN",141702,"/Date(1704179820000)/",69200,200,3153600,215320000000,2200,false,3.28
"MSN",141702,"/Date(1704179820000)/",69200,100,3153400,215307000000,2200,false,3.28
"MSN",141702,"/Date(1704179820000)/",69200,300,3153300,215300000000,2200,false,3.28
"MSN",141702,"/Date(1704179820000)/",69200,10000,3153000,215279000000,2200,false,3.28
"MSN",141702,"/Date(1704179820000)/",69200,100,3143000,214587000000,2200,false,3.28
"MSN",141702,"/Date(1704179820000)/",69200,2000,3142900,214580000000,2200,false,3.28
"MSN",141702,"/Date(1704179820000)/",69200,100,3140900,214442000000,2200,false,3.28
"MSN",141702,"/Date(1704179820000)/",69200,200,3140800,214435000000,2200,false,3.28
"MSN",141702,"/Date(1704179820000)/",69200,500,3140600,214421000000,2200,false,3.28
"MSN",141702,"/Date(1704179820000)/",69200,100,3140100,214386000000,2200,false,3.28
"MSN",141702,"/Date(1704179819000)/",69100,100,3140000,214379000000,2100,true,3.13
"MSN",141702,"/Date(1704179819000)/",69100,500,3139900,214372000000,2100,true,3.13
"MSN",141655,"/Date(1704179814000)/",69100,500,3139400,214338000000,2100,true,3.13
"MSN",141655,"/Date(1704179813000)/",69100,500,3138900,214303000000,2100,true,3.13
"MSN",141652,"/Date(1704179811000)/",69200,500,3138400,214269000000,2200,false,3.28
"MSN",141652,"/Date(1704179809000)/",69200,100,3137900,214234000000,2200,false,3.28
"MSN",141649,"/Date(1704179808000)/",69100,200,3137800,214227000000,2100,true,3.13
"MSN",141649,"/Date(1704179808000)/",69100,300,3137600,214213000000,2100,true,3.13
"MSN",141649,"/Date(1704179807000)/",69100,700,3137300,214193000000,2100,true,3.13
"MSN",141649,"/Date(1704179807000)/",69100,300,3136600,214144000000,2100,true,3.13
"MSN",141646,"/Date(1704179803000)/",69100,500,3136300,214124000000,2100,true,3.13
"MSN",141636,"/Date(1704179795000)/",69100,100,3135800,214089000000,2100,true,3.13
"MSN",141630,"/Date(1704179786000)/",69100,1000,3135700,214082000000,2100,true,3.13
"MSN",141626,"/Date(1704179785000)/",69200,100,3134700,214013000000,2200,false,3.28
"MSN",141623,"/Date(1704179781000)/",69200,100,3134600,214006000000,2200,false,3.28
"MSN",141623,"/Date(1704179781000)/",69200,100,3134500,213999000000,2200,false,3.28
"MSN",141620,"/Date(1704179778000)/",69100,300,3134400,213992000000,2100,true,3.13
"MSN",141614,"/Date(1704179770000)/",69100,500,3134100,213972000000,2100,true,3.13
"MSN",141610,"/Date(1704179767000)/",69100,100,3133600,213937000000,2100,true,3.13
"MSN",141607,"/Date(1704179763000)/",69100,1000,3133500,213930000000,2100,true,3.13
"MSN",141604,"/Date(1704179763000)/",69100,500,3132500,213861000000,2100,true,3.13
"MSN",141604,"/Date(1704179762000)/",69100,100,3132000,213826000000,2100,true,3.13
"MSN",141604,"/Date(1704179761000)/",69100,100,3131900,213819000000,2100,true,3.13
"MSN",141554,"/Date(1704179753000)/",69100,1000,3131800,213813000000,2100,true,3.13
"MSN",141542,"/Date(1704179741000)/",69100,300,3130800,213743000000,2100,false,3.13
"MSN",141542,"/Date(1704179739000)/",69100,2000,3130500,213723000000,2100,false,3.13
"MSN",141542,"/Date(1704179739000)/",69100,700,3128500,213585000000,2100,false,3.13
"MSN",141542,"/Date(1704179739000)/",69100,100,3127800,213536000000,2100,false,3.13
"MSN",141542,"/Date(1704179739000)/",69100,100,3127700,213529000000,2100,false,3.13
"MSN",141542,"/Date(1704179739000)/",69100,5100,3127600,213522000000,2100,false,3.13
"MSN",141538,"/Date(1704179736000)/",69100,2100,3122500,213170000000,2100,false,3.13
"MSN",141538,"/Date(1704179736000)/",69100,4200,3120400,213025000000,2100,false,3.13
"MSN",141538,"/Date(1704179736000)/",69100,100,3116200,212735000000,2100,false,3.13
"MSN",141538,"/Date(1704179736000)/",69100,5000,3116100,212728000000,2100,false,3.13
"MSN",141538,"/Date(1704179736000)/",69100,2500,3111100,212382000000,2100,false,3.13
"MSN",141538,"/Date(1704179735000)/",69100,400,3108600,212209000000,2100,false,3.13
"MSN",141529,"/Date(1704179726000)/",69100,300,3108200,212182000000,2100,false,3.13
"MSN",141529,"/Date(1704179726000)/",69100,200,3107900,212161000000,2100,false,3.13
"MSN",141529,"/Date(1704179726000)/",69100,100,3107700,212147000000,2100,false,3.13
"MSN",141529,"/Date(1704179726000)/",69100,100,3107600,212140000000,2100,false,3.13
"MSN",141529,"/Date(1704179726000)/",69100,200,3107500,212133000000,2100,false,3.13
"MSN",141529,"/Date(1704179726000)/",69100,1000,3107300,212120000000,2100,false,3.13
"MSN",141529,"/Date(1704179726000)/",69100,600,3106300,212051000000,2100,false,3.13
"MSN",141529,"/Date(1704179726000)/",69100,100,3105700,212009000000,2100,false,3.13
"MSN",141529,"/Date(1704179726000)/",69100,400,3105600,212002000000,2100,false,3.13
"MSN",141522,"/Date(1704179722000)/",69000,100,3105200,211975000000,2000,true,2.99
"MSN",141516,"/Date(1704179713000)/",69000,200,3105100,211968000000,2000,true,2.99
"MSN",141516,"/Date(1704179713000)/",69000,100,3104900,211954000000,2000,true,2.99
"MSN",141516,"/Date(1704179713000)/",69000,100,3104800,211947000000,2000,true,2.99
"MSN",141516,"/Date(1704179713000)/",69000,1100,3104700,211940000000,2000,true,2.99
"MSN",141506,"/Date(1704179703000)/",69100,500,3103600,211864000000,2100,false,3.13
"MSN",141503,"/Date(1704179700000)/",69000,500,3103100,211830000000,2000,true,2.99
"MSN",141503,"/Date(1704179700000)/",69000,500,3102600,211795000000,2000,true,2.99
"MSN",141500,"/Date(1704179696000)/",69000,100,3102100,211761000000,2000,true,2.99
"MSN",141500,"/Date(1704179696000)/",69000,100,3102000,211754000000,2000,true,2.99
"MSN",141500,"/Date(1704179696000)/",69000,500,3101900,211747000000,2000,true,2.99
"MSN",141500,"/Date(1704179696000)/",69000,300,3101400,211712000000,2000,true,2.99
"MSN",141454,"/Date(1704179692000)/",69100,100,3101100,211692000000,2100,false,3.13
"MSN",141454,"/Date(1704179692000)/",69100,100,3101000,211685000000,2100,false,3.13
"MSN",141454,"/Date(1704179692000)/",69100,600,3100900,211678000000,2100,false,3.13
"MSN",141454,"/Date(1704179692000)/",69000,100,3100300,211636000000,2000,true,2.99
"MSN",141454,"/Date(1704179692000)/",69000,300,3100200,211629000000,2000,true,2.99
"MSN",141454,"/Date(1704179692000)/",69000,200,3099900,211609000000,2000,true,2.99
"MSN",141454,"/Date(1704179692000)/",69000,300,3099700,211595000000,2000,true,2.99
"MSN",141454,"/Date(1704179692000)/",69000,200,3099400,211574000000,2000,true,2.99
"MSN",141454,"/Date(1704179692000)/",69000,1000,3099200,211560000000,2000,true,2.99
"MSN",141454,"/Date(1704179691000)/",69000,200,3098200,211491000000,2000,true,2.99
"MSN",141454,"/Date(1704179691000)/",69000,100,3098000,211478000000,2000,true,2.99
"MSN",141450,"/Date(1704179688000)/",69000,900,3097900,211471000000,2000,true,2.99
"MSN",141450,"/Date(1704179688000)/",69000,100,3097000,211409000000,2000,true,2.99
"MSN",141447,"/Date(1704179686000)/",69000,100,3096900,211402000000,2000,true,2.99
"MSN",141447,"/Date(1704179685000)/",69100,100,3096800,211395000000,2100,false,3.13
"MSN",141441,"/Date(1704179678000)/",69000,300,3096700,211388000000,2000,true,2.99
"MSN",141441,"/Date(1704179678000)/",69000,200,3096400,211367000000,2000,true,2.99
"MSN",141441,"/Date(1704179678000)/",69000,1500,3096200,211353000000,2000,true,2.99
"MSN",141434,"/Date(1704179671000)/",69100,500,3094700,211250000000,2100,false,3.13
"MSN",141428,"/Date(1704179667000)/",69000,100,3094200,211215000000,2000,true,2.99
"MSN",141428,"/Date(1704179667000)/",69000,3400,3094100,211208000000,2000,true,2.99
"MSN",141428,"/Date(1704179667000)/",69000,100,3090700,210974000000,2000,true,2.99
"MSN",141428,"/Date(1704179667000)/",69000,1300,3090600,210967000000,2000,true,2.99
"MSN",141428,"/Date(1704179667000)/",69100,800,3089300,210877000000,2100,false,3.13
"MSN",141428,"/Date(1704179667000)/",69100,400,3088500,210822000000,2100,false,3.13
"MSN",141428,"/Date(1704179667000)/",69100,500,3088100,210794000000,2100,false,3.13
"MSN",141428,"/Date(1704179667000)/",69100,100,3087600,210760000000,2100,false,3.13
"MSN",141428,"/Date(1704179667000)/",69100,200,3087500,210753000000,2100,false,3.13
"MSN",141428,"/Date(1704179665000)/",69000,1000,3087300,210739000000,2000,true,2.99
"MSN",141418,"/Date(1704179655000)/",69000,500,3086300,210670000000,2000,true,2.99
"MSN",141418,"/Date(1704179655000)/",69100,300,3085800,210636000000,2100,false,3.13
"MSN",141412,"/Date(1704179651000)/",69100,100,3085500,210615000000,2100,false,3.13
"MSN",141412,"/Date(1704179650000)/",69000,100,3085400,210608000000,2000,true,2.99
"MSN",141412,"/Date(1704179648000)/",69100,200,3085300,210601000000,2100,false,3.13
"MSN",141409,"/Date(1704179646000)/",69100,300,3085100,210587000000,2100,false,3.13
"MSN",141409,"/Date(1704179646000)/",69100,500,3084800,210566000000,2100,false,3.13
"MSN",141409,"/Date(1704179646000)/",69100,200,3084300,210532000000,2100,false,3.13
"MSN",141403,"/Date(1704179642000)/",69000,500,3084100,210518000000,2000,true,2.99
"MSN",141403,"/Date(1704179641000)/",69000,100,3083600,210484000000,2000,true,2.99
"MSN",141403,"/Date(1704179639000)/",69000,500,3083500,210477000000,2000,true,2.99
"MSN",141353,"/Date(1704179631000)/",69100,1900,3083000,210442000000,2100,false,3.13
"MSN",141349,"/Date(1704179626000)/",69000,300,3081100,210311000000,2000,true,2.99
"MSN",141346,"/Date(1704179623000)/",69000,100,3080800,210290000000,2000,true,2.99
"MSN",141340,"/Date(1704179619000)/",69100,400,3080700,210283000000,2100,false,3.13
"MSN",141340,"/Date(1704179616000)/",69000,100,3080300,210256000000,2000,true,2.99
"MSN",141337,"/Date(1704179615000)/",69100,100,3080200,210249000000,2100,false,3.13
"MSN",141333,"/Date(1704179611000)/",69100,600,3080100,210242000000,2100,false,3.13
"MSN",141333,"/Date(1704179611000)/",69100,200,3079500,210200000000,2100,false,3.13
"MSN",141333,"/Date(1704179611000)/",69100,100,3079300,210187000000,2100,false,3.13
"MSN",141333,"/Date(1704179611000)/",69100,1000,3079200,210180000000,2100,false,3.13
"MSN",141333,"/Date(1704179611000)/",69100,100,3078200,210111000000,2100,false,3.13
"MSN",141333,"/Date(1704179611000)/",69100,100,3078100,210104000000,2100,false,3.13
"MSN",141333,"/Date(1704179611000)/",69100,200,3078000,210097000000,2100,false,3.13
"MSN",141333,"/Date(1704179611000)/",69100,300,3077800,210083000000,2100,false,3.13
"MSN",141333,"/Date(1704179611000)/",69100,100,3077500,210062000000,2100,false,3.13
"MSN",141333,"/Date(1704179611000)/",69100,1000,3077400,210055000000,2100,false,3.13
"MSN",141333,"/Date(1704179611000)/",69100,2400,3076400,209986000000,2100,false,3.13
"MSN",141333,"/Date(1704179611000)/",69100,1100,3074000,209820000000,2100,false,3.13
"MSN",141333,"/Date(1704179611000)/",69100,200,3072900,209744000000,2100,false,3.13
"MSN",141333,"/Date(1704179611000)/",69100,100,3072700,209730000000,2100,false,3.13
"MSN",141333,"/Date(1704179611000)/",69000,500,3072600,209724000000,2000,false,2.99
"MSN",141333,"/Date(1704179611000)/",69000,500,3072100,209689000000,2000,false,2.99
"MSN",141333,"/Date(1704179611000)/",69000,100,3071600,209655000000,2000,false,2.99
"MSN",141333,"/Date(1704179611000)/",69000,5000,3071500,209648000000,2000,false,2.99
"MSN",141333,"/Date(1704179611000)/",69000,1000,3066500,209303000000,2000,false,2.99
"MSN",141333,"/Date(1704179611000)/",69000,100,3065500,209234000000,2000,false,2.99
"MSN",141333,"/Date(1704179611000)/",69000,1300,3065400,209227000000,2000,false,2.99
"MSN",141330,"/Date(1704179609000)/",69000,200,3064100,209137000000,2000,false,2.99
"MSN",141321,"/Date(1704179599000)/",69000,5000,3063900,209123000000,2000,false,2.99
"MSN",141321,"/Date(1704179599000)/",69000,100,3058900,208778000000,2000,false,2.99
"MSN",141321,"/Date(1704179599000)/",69000,100,3058800,208771000000,2000,false,2.99
"MSN",141321,"/Date(1704179599000)/",69000,200,3058700,208764000000,2000,false,2.99
"MSN",141321,"/Date(1704179599000)/",69000,1000,3058500,208751000000,2000,false,2.99
"MSN",141321,"/Date(1704179599000)/",69000,200,3057500,208682000000,2000,false,2.99
"MSN",141321,"/Date(1704179599000)/",69000,500,3057300,208668000000,2000,false,2.99
"MSN",141321,"/Date(1704179599000)/",69000,200,3056800,208633000000,2000,false,2.99
"MSN",141321,"/Date(1704179599000)/",69000,400,3056600,208620000000,2000,false,2.99
"MSN",141321,"/Date(1704179599000)/",69000,4800,3056200,208592000000,2000,false,2.99
"MSN",141317,"/Date(1704179595000)/",69000,1000,3051400,208261000000,2000,true,2.99
"MSN",141314,"/Date(1704179593000)/",69000,1200,3050400,208192000000,2000,true,2.99
"MSN",141314,"/Date(1704179592000)/",69000,100,3049200,208109000000,2000,true,2.99
"MSN",141314,"/Date(1704179591000)/",69000,2000,3049100,208102000000,2000,true,2.99
"MSN",141308,"/Date(1704179585000)/",69000,100,3047100,207964000000,2000,true,2.99
"MSN",141301,"/Date(1704179581000)/",69000,200,3047000,207957000000,2000,true,2.99
"MSN",141301,"/Date(1704179578000)/",69000,100,3046800,207943000000,2000,true,2.99
"MSN",141258,"/Date(1704179576000)/",69000,100,3046700,207936000000,2000,true,2.99
"MSN",141255,"/Date(1704179574000)/",69000,100,3046600,207930000000,2000,false,2.99
"MSN",141255,"/Date(1704179572000)/",69000,100,3046500,207923000000,2000,false,2.99
"MSN",141255,"/Date(1704179572000)/",69000,100,3046400,207916000000,2000,false,2.99
"MSN",141255,"/Date(1704179572000)/",69000,100,3046300,207909000000,2000,false,2.99
"MSN",141255,"/Date(1704179572000)/",69000,2100,3046200,207902000000,2000,false,2.99
"MSN",141255,"/Date(1704179572000)/",69000,200,3044100,207757000000,2000,false,2.99
"MSN",141255,"/Date(1704179572000)/",69000,100,3043900,207743000000,2000,false,2.99
"MSN",141255,"/Date(1704179572000)/",69000,500,3043800,207736000000,2000,false,2.99
"MSN",141255,"/Date(1704179572000)/",69000,100,3043300,207702000000,2000,false,2.99
"MSN",141255,"/Date(1704179572000)/",69000,2000,3043200,207695000000,2000,false,2.99
"MSN",141255,"/Date(1704179572000)/",69000,100,3041200,207557000000,2000,false,2.99
"MSN",141252,"/Date(1704179571000)/",69000,400,3041100,207550000000,2000,false,2.99
"MSN",141252,"/Date(1704179570000)/",69000,400,3040700,207522000000,2000,false,2.99
"MSN",141252,"/Date(1704179570000)/",69000,500,3040300,207495000000,2000,false,2.99
"MSN",141252,"/Date(1704179570000)/",69000,100,3039800,207460000000,2000,false,2.99
"MSN",141252,"/Date(1704179570000)/",69000,100,3039700,207453000000,2000,false,2.99
"MSN",141252,"/Date(1704179569000)/",69000,1000,3039600,207447000000,2000,false,2.99
"MSN",141249,"/Date(1704179568000)/",69000,1000,3038600,207378000000,2000,false,2.99
"MSN",141249,"/Date(1704179567000)/",69000,200,3037600,207309000000,2000,false,2.99
"MSN",141249,"/Date(1704179567000)/",69000,200,3037400,207295000000,2000,false,2.99
"MSN",141249,"/Date(1704179567000)/",69000,100,3037200,207281000000,2000,false,2.99
"MSN",141249,"/Date(1704179567000)/",69000,300,3037100,207274000000,2000,false,2.99
"MSN",141249,"/Date(1704179567000)/",69000,1000,3036800,207253000000,2000,false,2.99
"MSN",141249,"/Date(1704179567000)/",69000,400,3035800,207184000000,2000,false,2.99
"MSN",141249,"/Date(1704179567000)/",69000,200,3035400,207157000000,2000,false,2.99
"MSN",141249,"/Date(1704179567000)/",69000,500,3035200,207143000000,2000,false,2.99
"MSN",141249,"/Date(1704179567000)/",69000,500,3034700,207108000000,2000,false,2.99
"MSN",141249,"/Date(1704179567000)/",69000,100,3034200,207074000000,2000,false,2.99
"MSN",141249,"/Date(1704179567000)/",69000,500,3034100,207067000000,2000,false,2.99
"MSN",141249,"/Date(1704179567000)/",69000,100,3033600,207033000000,2000,false,2.99
"MSN",141249,"/Date(1704179567000)/",69000,100,3033500,207026000000,2000,false,2.99
"MSN",141249,"/Date(1704179567000)/",69000,500,3033400,207019000000,2000,false,2.99
"MSN",141249,"/Date(1704179567000)/",69000,300,3032900,206984000000,2000,false,2.99
"MSN",141249,"/Date(1704179567000)/",69000,2000,3032600,206964000000,2000,false,2.99
"MSN",141249,"/Date(1704179567000)/",69000,2000,3030600,206826000000,2000,false,2.99
"MSN",141249,"/Date(1704179567000)/",69000,1200,3028600,206688000000,2000,false,2.99
"MSN",141249,"/Date(1704179567000)/",69000,1800,3027400,206605000000,2000,false,2.99
"MSN",141249,"/Date(1704179567000)/",69000,100,3025600,206481000000,2000,false,2.99
"MSN",141249,"/Date(1704179567000)/",69000,5000,3025500,206474000000,2000,false,2.99
"MSN",141249,"/Date(1704179567000)/",69000,600,3020500,206129000000,2000,false,2.99
"MSN",141249,"/Date(1704179567000)/",69000,100,3019900,206087000000,2000,false,2.99
"MSN",141249,"/Date(1704179567000)/",69000,100,3019800,206080000000,2000,false,2.99
"MSN",141249,"/Date(1704179567000)/",69000,100,3019700,206073000000,2000,false,2.99
"MSN",141249,"/Date(1704179567000)/",69000,400,3019600,206067000000,2000,false,2.99
"MSN",141249,"/Date(1704179567000)/",69000,100,3019200,206039000000,2000,false,2.99
"MSN",141249,"/Date(1704179567000)/",69000,1700,3019100,206032000000,2000,false,2.99
"MSN",141249,"/Date(1704179566000)/",69000,5000,3017400,205915000000,2000,false,2.99
"MSN",141245,"/Date(1704179564000)/",69000,3300,3012400,205570000000,2000,false,2.99
"MSN",141245,"/Date(1704179564000)/",69000,100,3009100,205342000000,2000,false,2.99
"MSN",141245,"/Date(1704179564000)/",69000,200,3009000,205335000000,2000,false,2.99
"MSN",141245,"/Date(1704179564000)/",69000,500,3008800,205321000000,2000,false,2.99
"MSN",141245,"/Date(1704179564000)/",69000,400,3008300,205287000000,2000,false,2.99
"MSN",141245,"/Date(1704179564000)/",69000,300,3007900,205259000000,2000,false,2.99
"MSN",141245,"/Date(1704179564000)/",69000,500,3007600,205239000000,2000,false,2.99
"MSN",141245,"/Date(1704179564000)/",69000,1400,3007100,205204000000,2000,false,2.99
"MSN",141245,"/Date(1704179564000)/",69000,200,3005700,205107000000,2000,false,2.99
"MSN",141245,"/Date(1704179564000)/",69000,200,3005500,205094000000,2000,false,2.99
"MSN",141245,"/Date(1704179564000)/",69000,200,3005300,205080000000,2000,false,2.99
"MSN",141245,"/Date(1704179564000)/",69000,200,3005100,205066000000,2000,false,2.99
"MSN",141245,"/Date(1704179564000)/",69000,100,3004900,205052000000,2000,false,2.99
"MSN",141245,"/Date(1704179564000)/",69000,400,3004800,205045000000,2000,false,2.99
"MSN",141245,"/Date(1704179564000)/",69000,500,3004400,205018000000,2000,false,2.99
"MSN",141245,"/Date(1704179564000)/",69000,100,3003900,204983000000,2000,false,2.99
"MSN",141245,"/Date(1704179564000)/",69000,400,3003800,204976000000,2000,false,2.99
"MSN",141245,"/Date(1704179564000)/",69000,1000,3003400,204949000000,2000,false,2.99
"MSN",141245,"/Date(1704179564000)/",69000,200,3002400,204880000000,2000,false,2.99
"MSN",141245,"/Date(1704179564000)/",69000,8000,3002200,204866000000,2000,false,2.99
"MSN",141245,"/Date(1704179564000)/",69000,100,2994200,204314000000,2000,false,2.99
"MSN",141245,"/Date(1704179564000)/",69000,200,2994100,204307000000,2000,false,2.99
"MSN",141242,"/Date(1704179560000)/",69000,800,2993900,204293000000,2000,false,2.99
"MSN",141242,"/Date(1704179560000)/",69000,200,2993100,204238000000,2000,false,2.99
"MSN",141239,"/Date(1704179557000)/",69000,300,2992900,204224000000,2000,false,2.99
"MSN",141239,"/Date(1704179557000)/",69000,100,2992600,204204000000,2000,false,2.99
"MSN",141239,"/Date(1704179557000)/",69000,100,2992500,204197000000,2000,false,2.99
"MSN",141239,"/Date(1704179556000)/",69000,100,2992400,204190000000,2000,false,2.99
"MSN",141239,"/Date(1704179556000)/",69000,100,2992300,204183000000,2000,false,2.99
"MSN",141239,"/Date(1704179556000)/",69000,200,2992200,204176000000,2000,false,2.99
"MSN",141239,"/Date(1704179556000)/",69000,700,2992000,204162000000,2000,false,2.99
"MSN",141239,"/Date(1704179556000)/",69000,100,2991300,204114000000,2000,false,2.99
"MSN",141239,"/Date(1704179556000)/",69000,100,2991200,204107000000,2000,false,2.99
"MSN",141239,"/Date(1704179556000)/",69000,100,2991100,204100000000,2000,false,2.99
"MSN",141239,"/Date(1704179556000)/",69000,1600,2991000,204093000000,2000,false,2.99
"MSN",141239,"/Date(1704179555000)/",69000,1000,2989400,203983000000,2000,false,2.99
"MSN",141239,"/Date(1704179555000)/",69000,100,2988400,203914000000,2000,false,2.99
"MSN",141239,"/Date(1704179555000)/",69000,1000,2988300,203907000000,2000,false,2.99
"MSN",141239,"/Date(1704179555000)/",69000,100,2987300,203838000000,2000,false,2.99
"MSN",141239,"/Date(1704179555000)/",69000,300,2987200,203831000000,2000,false,2.99
"MSN",141239,"/Date(1704179555000)/",69000,200,2986900,203810000000,2000,false,2.99
"MSN",141239,"/Date(1704179555000)/",69000,300,2986700,203796000000,2000,false,2.99
"MSN",141233,"/Date(1704179549000)/",69000,700,2986400,203776000000,2000,false,2.99
"MSN",141233,"/Date(1704179549000)/",69000,2000,2985700,203727000000,2000,false,2.99
"MSN",141233,"/Date(1704179549000)/",69000,300,2983700,203589000000,2000,false,2.99
"MSN",141233,"/Date(1704179549000)/",69000,1000,2983400,203569000000,2000,false,2.99
"MSN",141233,"/Date(1704179549000)/",69000,2000,2982400,203500000000,2000,false,2.99
"MSN",141229,"/Date(1704179548000)/",68900,100,2980400,203362000000,1900,true,2.84
"MSN",141226,"/Date(1704179545000)/",69000,100,2980300,203355000000,2000,false,2.99
"MSN",141226,"/Date(1704179545000)/",69000,400,2980200,203348000000,2000,false,2.99
"MSN",141220,"/Date(1704179538000)/",69000,500,2979800,203320000000,2000,false,2.99
"MSN",141216,"/Date(1704179533000)/",69000,100,2979300,203286000000,2000,false,2.99
"MSN",141216,"/Date(1704179533000)/",69000,400,2979200,203279000000,2000,false,2.99
"MSN",141216,"/Date(1704179533000)/",69000,200,2978800,203251000000,2000,false,2.99
"MSN",141216,"/Date(1704179533000)/",69000,100,2978600,203238000000,2000,false,2.99
"MSN",141216,"/Date(1704179533000)/",69000,200,2978500,203231000000,2000,false,2.99
"MSN",141210,"/Date(1704179527000)/",69000,100,2978300,203217000000,2000,false,2.99
"MSN",141210,"/Date(1704179527000)/",69000,100,2978200,203210000000,2000,false,2.99
"MSN",141210,"/Date(1704179527000)/",69000,600,2978100,203203000000,2000,false,2.99
"MSN",141210,"/Date(1704179527000)/",69000,100,2977500,203162000000,2000,false,2.99
"MSN",141210,"/Date(1704179527000)/",69000,2000,2977400,203155000000,2000,false,2.99
"MSN",141210,"/Date(1704179527000)/",69000,1000,2975400,203017000000,2000,false,2.99
"MSN",141210,"/Date(1704179527000)/",69000,100,2974400,202948000000,2000,false,2.99
"MSN",141210,"/Date(1704179527000)/",69000,100,2974300,202941000000,2000,false,2.99
"MSN",141210,"/Date(1704179527000)/",69000,500,2974200,202934000000,2000,false,2.99
"MSN",141210,"/Date(1704179527000)/",69000,200,2973700,202899000000,2000,false,2.99
"MSN",141210,"/Date(1704179527000)/",69000,600,2973500,202886000000,2000,false,2.99
"MSN",141210,"/Date(1704179527000)/",69000,300,2972900,202844000000,2000,false,2.99
"MSN",141210,"/Date(1704179527000)/",69000,200,2972600,202824000000,2000,false,2.99
"MSN",141210,"/Date(1704179527000)/",69000,500,2972400,202810000000,2000,false,2.99
"MSN",141210,"/Date(1704179527000)/",69000,100,2971900,202775000000,2000,false,2.99
"MSN",141210,"/Date(1704179527000)/",69000,500,2971800,202768000000,2000,false,2.99
"MSN",141210,"/Date(1704179527000)/",69000,1000,2971300,202734000000,2000,false,2.99
"MSN",141210,"/Date(1704179527000)/",69000,100,2970300,202665000000,2000,false,2.99
"MSN",141210,"/Date(1704179527000)/",69000,300,2970200,202658000000,2000,false,2.99
"MSN",141210,"/Date(1704179527000)/",69000,1000,2969900,202637000000,2000,false,2.99
"MSN",141210,"/Date(1704179527000)/",69000,1600,2968900,202568000000,2000,false,2.99
"MSN",141210,"/Date(1704179526000)/",69000,2800,2967300,202458000000,2000,false,2.99
"MSN",141207,"/Date(1704179525000)/",69000,600,2964500,202265000000,2000,false,2.99
"MSN",141207,"/Date(1704179525000)/",69000,200,2963900,202223000000,2000,false,2.99
"MSN",141207,"/Date(1704179525000)/",69000,100,2963700,202209000000,2000,false,2.99
"MSN",141200,"/Date(1704179518000)/",69000,100,2963600,202203000000,2000,false,2.99
"MSN",141200,"/Date(1704179518000)/",69000,100,2963500,202196000000,2000,false,2.99
"MSN",141200,"/Date(1704179518000)/",69000,100,2963400,202189000000,2000,false,2.99
"MSN",141200,"/Date(1704179518000)/",69000,100,2963300,202182000000,2000,false,2.99
"MSN",141200,"/Date(1704179518000)/",69000,100,2963200,202175000000,2000,false,2.99
"MSN",141200,"/Date(1704179518000)/",69000,500,2963100,202168000000,2000,false,2.99
"MSN",141200,"/Date(1704179517000)/",69000,600,2962600,202134000000,2000,false,2.99
"MSN",141157,"/Date(1704179514000)/",69000,900,2962000,202092000000,2000,false,2.99
"MSN",141157,"/Date(1704179514000)/",69000,1000,2961100,202030000000,2000,false,2.99
"MSN",141157,"/Date(1704179514000)/",69000,400,2960100,201961000000,2000,false,2.99
"MSN",141157,"/Date(1704179514000)/",69000,500,2959700,201933000000,2000,false,2.99
"MSN",141157,"/Date(1704179514000)/",69000,500,2959200,201899000000,2000,false,2.99
"MSN",141157,"/Date(1704179514000)/",69000,100,2958700,201864000000,2000,false,2.99
"MSN",141157,"/Date(1704179514000)/",69000,100,2958600,201858000000,2000,false,2.99
"MSN",141157,"/Date(1704179514000)/",69000,900,2958500,201851000000,2000,false,2.99
"MSN",141157,"/Date(1704179514000)/",69000,2400,2957600,201789000000,2000,false,2.99
"MSN",141157,"/Date(1704179514000)/",69000,200,2955200,201623000000,2000,false,2.99
"MSN",141151,"/Date(1704179510000)/",69000,100,2955000,201609000000,2000,false,2.99
"MSN",141144,"/Date(1704179504000)/",69000,700,2954900,201602000000,2000,false,2.99
"MSN",141144,"/Date(1704179504000)/",69000,200,2954200,201554000000,2000,false,2.99
"MSN",141144,"/Date(1704179504000)/",69000,100,2954000,201540000000,2000,false,2.99
"MSN",141141,"/Date(1704179500000)/",69000,500,2953900,201533000000,2000,false,2.99
"MSN",141141,"/Date(1704179498000)/",68900,500,2953400,201499000000,1900,true,2.84
"MSN",141138,"/Date(1704179495000)/",69000,2400,2952900,201464000000,2000,false,2.99
"MSN",141138,"/Date(1704179495000)/",69000,200,2950500,201299000000,2000,false,2.99
"MSN",141138,"/Date(1704179495000)/",69000,500,2950300,201285000000,2000,false,2.99
"MSN",141138,"/Date(1704179495000)/",69000,200,2949800,201250000000,2000,false,2.99
"MSN",141138,"/Date(1704179495000)/",69000,100,2949600,201237000000,2000,false,2.99
"MSN",141138,"/Date(1704179495000)/",69000,2600,2949500,201230000000,2000,false,2.99
"MSN",141135,"/Date(1704179492000)/",69000,100,2946900,201050000000,2000,false,2.99
"MSN",141135,"/Date(1704179491000)/",69000,1000,2946800,201043000000,2000,false,2.99
"MSN",141135,"/Date(1704179491000)/",69000,100,2945800,200974000000,2000,false,2.99
"MSN",141132,"/Date(1704179491000)/",69000,500,2945700,200968000000,2000,false,2.99
"MSN",141128,"/Date(1704179486000)/",69000,200,2945200,200933000000,2000,false,2.99
"MSN",141128,"/Date(1704179486000)/",69000,400,2945000,200919000000,2000,false,2.99
"MSN",141128,"/Date(1704179486000)/",69000,800,2944600,200892000000,2000,false,2.99
"MSN",141125,"/Date(1704179483000)/",69000,100,2943800,200836000000,2000,false,2.99
"MSN",141125,"/Date(1704179482000)/",69000,200,2943700,200830000000,2000,false,2.99
"MSN",141119,"/Date(1704179477000)/",69000,100,2943500,200816000000,2000,false,2.99
"MSN",141106,"/Date(1704179464000)/",69000,100,2943400,200809000000,2000,false,2.99
"MSN",141106,"/Date(1704179464000)/",69000,4200,2943300,200802000000,2000,false,2.99
"MSN",141106,"/Date(1704179464000)/",69000,200,2939100,200512000000,2000,false,2.99
"MSN",141106,"/Date(1704179464000)/",69000,100,2938900,200498000000,2000,false,2.99
"MSN",141106,"/Date(1704179464000)/",69000,100,2938800,200491000000,2000,false,2.99
"MSN",141106,"/Date(1704179464000)/",69000,200,2938700,200485000000,2000,false,2.99
"MSN",141106,"/Date(1704179464000)/",69000,100,2938500,200471000000,2000,false,2.99
"MSN",141106,"/Date(1704179464000)/",69000,500,2938400,200464000000,2000,false,2.99
"MSN",141106,"/Date(1704179464000)/",69000,400,2937900,200429000000,2000,false,2.99
"MSN",141106,"/Date(1704179464000)/",69000,700,2937500,200402000000,2000,false,2.99
"MSN",141106,"/Date(1704179464000)/",69000,200,2936800,200353000000,2000,false,2.99
"MSN",141106,"/Date(1704179464000)/",69000,200,2936600,200340000000,2000,false,2.99
"MSN",141106,"/Date(1704179464000)/",69000,400,2936400,200326000000,2000,false,2.99
"MSN",141106,"/Date(1704179464000)/",69000,500,2936000,200298000000,2000,false,2.99
"MSN",141106,"/Date(1704179464000)/",69000,300,2935500,200264000000,2000,false,2.99
"MSN",141106,"/Date(1704179464000)/",69000,300,2935200,200243000000,2000,false,2.99
"MSN",141106,"/Date(1704179464000)/",69000,5000,2934900,200222000000,2000,false,2.99
"MSN",141106,"/Date(1704179464000)/",69000,3000,2929900,199877000000,2000,false,2.99
"MSN",141106,"/Date(1704179464000)/",69000,100,2926900,199670000000,2000,false,2.99
"MSN",141106,"/Date(1704179464000)/",69000,100,2926800,199663000000,2000,false,2.99
"MSN",141106,"/Date(1704179464000)/",69000,3400,2926700,199657000000,2000,false,2.99
"MSN",141103,"/Date(1704179461000)/",68900,100,2923300,199422000000,1900,true,2.84
"MSN",141103,"/Date(1704179460000)/",68900,500,2923200,199415000000,1900,true,2.84
"MSN",141103,"/Date(1704179459000)/",69000,500,2922700,199381000000,2000,false,2.99
"MSN",141100,"/Date(1704179458000)/",69000,1100,2922200,199346000000,2000,false,2.99
"MSN",141100,"/Date(1704179458000)/",69000,100,2921100,199270000000,2000,false,2.99
"MSN",141100,"/Date(1704179458000)/",69000,100,2921000,199263000000,2000,false,2.99
"MSN",141100,"/Date(1704179458000)/",69000,100,2920900,199256000000,2000,false,2.99
"MSN",141100,"/Date(1704179458000)/",69000,100,2920800,199249000000,2000,false,2.99
"MSN",141100,"/Date(1704179458000)/",69000,100,2920700,199243000000,2000,false,2.99
"MSN",141100,"/Date(1704179458000)/",69000,1000,2920600,199236000000,2000,false,2.99
"MSN",141100,"/Date(1704179458000)/",69000,2000,2919600,199167000000,2000,false,2.99
"MSN",141100,"/Date(1704179458000)/",69000,100,2917600,199029000000,2000,false,2.99
"MSN",141100,"/Date(1704179458000)/",69000,100,2917500,199022000000,2000,false,2.99
"MSN",141100,"/Date(1704179458000)/",69000,100,2917400,199015000000,2000,false,2.99
"MSN",141100,"/Date(1704179458000)/",69000,200,2917300,199008000000,2000,false,2.99
"MSN",141100,"/Date(1704179458000)/",69000,100,2917100,198994000000,2000,false,2.99
"MSN",141100,"/Date(1704179458000)/",69000,2300,2917000,198987000000,2000,false,2.99
"MSN",141100,"/Date(1704179458000)/",69000,500,2914700,198829000000,2000,false,2.99
"MSN",141100,"/Date(1704179457000)/",68900,100,2914200,198794000000,1900,true,2.84
"MSN",141056,"/Date(1704179456000)/",68900,500,2914100,198787000000,1900,true,2.84
"MSN",141050,"/Date(1704179449000)/",68900,500,2913600,198753000000,1900,true,2.84
"MSN",141047,"/Date(1704179444000)/",68900,100,2913100,198718000000,1900,true,2.84
"MSN",141040,"/Date(1704179439000)/",68900,5000,2913000,198711000000,1900,false,2.84
"MSN",141040,"/Date(1704179439000)/",68900,200,2908000,198367000000,1900,false,2.84
"MSN",141040,"/Date(1704179439000)/",68900,200,2907800,198353000000,1900,false,2.84
"MSN",141040,"/Date(1704179439000)/",68900,200,2907600,198339000000,1900,false,2.84
"MSN",141040,"/Date(1704179439000)/",68900,200,2907400,198326000000,1900,false,2.84
"MSN",141040,"/Date(1704179439000)/",68900,200,2907200,198312000000,1900,false,2.84
"MSN",141040,"/Date(1704179437000)/",68900,200,2907000,198298000000,1900,false,2.84
"MSN",141037,"/Date(1704179437000)/",68900,100,2906800,198284000000,1900,false,2.84
"MSN",141037,"/Date(1704179434000)/",68900,200,2906700,198277000000,1900,false,2.84
"MSN",141037,"/Date(1704179434000)/",68900,100,2906500,198264000000,1900,false,2.84
"MSN",141037,"/Date(1704179434000)/",68900,400,2906400,198257000000,1900,false,2.84
"MSN",141037,"/Date(1704179434000)/",68900,500,2906000,198229000000,1900,false,2.84
"MSN",141037,"/Date(1704179434000)/",68900,1000,2905500,198195000000,1900,false,2.84
"MSN",141034,"/Date(1704179432000)/",68900,1000,2904500,198126000000,1900,false,2.84
"MSN",141034,"/Date(1704179432000)/",68800,500,2903500,198057000000,1800,true,2.69
"MSN",141034,"/Date(1704179432000)/",68900,100,2903000,198022000000,1900,false,2.84
"MSN",141034,"/Date(1704179430000)/",68900,900,2902900,198016000000,1900,false,2.84
"MSN",141034,"/Date(1704179430000)/",68900,200,2902000,197954000000,1900,false,2.84
"MSN",141034,"/Date(1704179430000)/",68900,500,2901800,197940000000,1900,false,2.84
"MSN",141034,"/Date(1704179430000)/",68900,400,2901300,197905000000,1900,false,2.84
"MSN",141031,"/Date(1704179429000)/",68900,600,2900900,197878000000,1900,false,2.84
"MSN",141031,"/Date(1704179429000)/",68900,100,2900300,197836000000,1900,false,2.84
"MSN",141031,"/Date(1704179429000)/",68900,100,2900200,197830000000,1900,false,2.84
"MSN",141031,"/Date(1704179429000)/",68900,100,2900100,197823000000,1900,false,2.84
"MSN",141031,"/Date(1704179429000)/",68900,5100,2900000,197816000000,1900,false,2.84
"MSN",141031,"/Date(1704179427000)/",68800,500,2894900,197464000000,1800,true,2.69
"MSN",141031,"/Date(1704179427000)/",68900,500,2894400,197430000000,1900,false,2.84
"MSN",141028,"/Date(1704179427000)/",68900,300,2893900,197396000000,1900,false,2.84
"MSN",141024,"/Date(1704179424000)/",68900,4100,2893600,197375000000,1900,false,2.84
"MSN",141024,"/Date(1704179424000)/",68900,300,2889500,197092000000,1900,false,2.84
"MSN",141024,"/Date(1704179424000)/",68900,5000,2889200,197072000000,1900,false,2.84
"MSN",141024,"/Date(1704179424000)/",68900,6600,2884200,196727000000,1900,false,2.84
"MSN",141021,"/Date(1704179418000)/",68900,700,2877600,196272000000,1900,false,2.84
"MSN",141021,"/Date(1704179418000)/",68900,2000,2876900,196224000000,1900,false,2.84
"MSN",141021,"/Date(1704179417000)/",68800,1000,2874900,196086000000,1800,true,2.69
"MSN",141018,"/Date(1704179414000)/",68900,500,2873900,196018000000,1900,false,2.84
"MSN",141015,"/Date(1704179414000)/",68900,200,2873400,195983000000,1900,false,2.84
"MSN",141015,"/Date(1704179414000)/",68900,100,2873200,195969000000,1900,false,2.84
"MSN",141015,"/Date(1704179414000)/",68900,300,2873100,195963000000,1900,false,2.84
"MSN",141015,"/Date(1704179414000)/",68900,500,2872800,195942000000,1900,false,2.84
"MSN",141015,"/Date(1704179414000)/",68900,300,2872300,195907000000,1900,false,2.84
"MSN",141015,"/Date(1704179414000)/",68900,100,2872000,195887000000,1900,false,2.84
"MSN",141015,"/Date(1704179414000)/",68900,100,2871900,195880000000,1900,false,2.84
"MSN",141015,"/Date(1704179414000)/",68900,200,2871800,195873000000,1900,false,2.84
"MSN",141015,"/Date(1704179414000)/",68900,100,2871600,195859000000,1900,false,2.84
"MSN",141015,"/Date(1704179414000)/",68900,2000,2871500,195852000000,1900,false,2.84
"MSN",141015,"/Date(1704179414000)/",68900,200,2869500,195714000000,1900,false,2.84
"MSN",141015,"/Date(1704179414000)/",68900,500,2869300,195701000000,1900,false,2.84
"MSN",141015,"/Date(1704179414000)/",68900,300,2868800,195666000000,1900,false,2.84
"MSN",141015,"/Date(1704179414000)/",68900,100,2868500,195646000000,1900,false,2.84
"MSN",141015,"/Date(1704179414000)/",68900,100,2868400,195639000000,1900,false,2.84
"MSN",141015,"/Date(1704179413000)/",68900,100,2868300,195632000000,1900,false,2.84
"MSN",141015,"/Date(1704179413000)/",68900,100,2868200,195625000000,1900,false,2.84
"MSN",141015,"/Date(1704179413000)/",68900,100,2868100,195618000000,1900,false,2.84
"MSN",141015,"/Date(1704179413000)/",68900,1700,2868000,195611000000,1900,false,2.84
"MSN",141015,"/Date(1704179412000)/",68900,1300,2866300,195494000000,1900,false,2.84
"MSN",141015,"/Date(1704179411000)/",68900,100,2865000,195404000000,1900,false,2.84
"MSN",141015,"/Date(1704179411000)/",68900,1000,2864900,195398000000,1900,false,2.84
"MSN",141008,"/Date(1704179408000)/",68900,200,2863900,195329000000,1900,false,2.84
"MSN",141008,"/Date(1704179408000)/",68900,100,2863700,195315000000,1900,false,2.84
"MSN",141008,"/Date(1704179408000)/",68900,200,2863600,195308000000,1900,false,2.84
"MSN",141008,"/Date(1704179408000)/",68900,500,2863400,195294000000,1900,false,2.84
"MSN",141008,"/Date(1704179408000)/",68900,100,2862900,195260000000,1900,false,2.84
"MSN",141008,"/Date(1704179408000)/",68900,900,2862800,195253000000,1900,false,2.84
"MSN",141008,"/Date(1704179407000)/",68900,100,2861900,195191000000,1900,false,2.84
"MSN",141008,"/Date(1704179407000)/",68900,100,2861800,195184000000,1900,false,2.84
"MSN",141008,"/Date(1704179407000)/",68900,100,2861700,195177000000,1900,false,2.84
"MSN",141008,"/Date(1704179407000)/",68900,300,2861600,195170000000,1900,false,2.84
"MSN",141008,"/Date(1704179407000)/",68900,400,2861300,195149000000,1900,false,2.84
"MSN",141008,"/Date(1704179407000)/",68900,100,2860900,195122000000,1900,false,2.84
"MSN",141008,"/Date(1704179407000)/",68900,100,2860800,195115000000,1900,false,2.84
"MSN",141008,"/Date(1704179406000)/",68900,200,2860700,195108000000,1900,false,2.84
"MSN",141008,"/Date(1704179406000)/",68900,1000,2860500,195094000000,1900,false,2.84
"MSN",141008,"/Date(1704179406000)/",68900,1000,2859500,195025000000,1900,false,2.84
"MSN",141008,"/Date(1704179406000)/",68900,200,2858500,194957000000,1900,false,2.84
"MSN",141008,"/Date(1704179406000)/",68900,2600,2858300,194943000000,1900,false,2.84
"MSN",141005,"/Date(1704179402000)/",68900,500,2855700,194764000000,1900,false,2.84
"MSN",141005,"/Date(1704179402000)/",68900,400,2855200,194729000000,1900,false,2.84
"MSN",141002,"/Date(1704179401000)/",68900,500,2854800,194702000000,1900,false,2.84
"MSN",141002,"/Date(1704179400000)/",68800,200,2854300,194667000000,1800,true,2.69
"MSN",140959,"/Date(1704179398000)/",68900,1100,2854100,194653000000,1900,false,2.84
"MSN",140953,"/Date(1704179391000)/",68900,1000,2853000,194578000000,1900,false,2.84
"MSN",140953,"/Date(1704179390000)/",68800,100,2852000,194509000000,1800,true,2.69
"MSN",140949,"/Date(1704179387000)/",68800,200,2851900,194502000000,1800,true,2.69
"MSN",140949,"/Date(1704179387000)/",68900,200,2851700,194488000000,1900,false,2.84
"MSN",140946,"/Date(1704179384000)/",68900,100,2851500,194474000000,1900,false,2.84
"MSN",140946,"/Date(1704179384000)/",68900,1200,2851400,194467000000,1900,false,2.84
"MSN",140946,"/Date(1704179384000)/",68900,400,2850200,194385000000,1900,false,2.84
"MSN",140946,"/Date(1704179384000)/",68900,100,2849800,194357000000,1900,false,2.84
"MSN",140946,"/Date(1704179384000)/",68900,2000,2849700,194350000000,1900,false,2.84
"MSN",140946,"/Date(1704179384000)/",68900,100,2847700,194212000000,1900,false,2.84
"MSN",140946,"/Date(1704179384000)/",68900,2400,2847600,194206000000,1900,false,2.84
"MSN",140940,"/Date(1704179378000)/",68900,100,2845200,194040000000,1900,false,2.84
"MSN",140940,"/Date(1704179376000)/",68900,100,2845100,194033000000,1900,false,2.84
"MSN",140933,"/Date(1704179372000)/",68900,500,2845000,194026000000,1900,false,2.84
"MSN",140933,"/Date(1704179372000)/",68800,500,2844500,193992000000,1800,true,2.69
"MSN",140933,"/Date(1704179371000)/",68900,500,2844000,193958000000,1900,false,2.84
"MSN",140930,"/Date(1704179368000)/",68900,500,2843500,193923000000,1900,false,2.84
"MSN",140914,"/Date(1704179353000)/",68900,900,2843000,193889000000,1900,false,2.84
"MSN",140914,"/Date(1704179353000)/",68900,100,2842100,193827000000,1900,false,2.84
"MSN",140914,"/Date(1704179351000)/",68900,1400,2842000,193820000000,1900,false,2.84
"MSN",140911,"/Date(1704179350000)/",68800,500,2840600,193723000000,1800,true,2.69
"MSN",140901,"/Date(1704179339000)/",68800,1000,2840100,193689000000,1800,true,2.69
"MSN",140858,"/Date(1704179336000)/",68800,500,2839100,193620000000,1800,true,2.69
"MSN",140858,"/Date(1704179334000)/",68800,500,2838600,193586000000,1800,true,2.69
"MSN",140855,"/Date(1704179332000)/",68900,100,2838100,193551000000,1900,false,2.84
"MSN",140842,"/Date(1704179322000)/",68800,500,2838000,193544000000,1800,true,2.69
"MSN",140842,"/Date(1704179320000)/",68800,2900,2837500,193510000000,1800,true,2.69
"MSN",140842,"/Date(1704179320000)/",68800,2000,2834600,193311000000,1800,true,2.69
"MSN",140842,"/Date(1704179320000)/",68800,100,2832600,193173000000,1800,true,2.69
"MSN",140842,"/Date(1704179320000)/",68800,200,2832500,193166000000,1800,true,2.69
"MSN",140833,"/Date(1704179311000)/",68800,4800,2832300,193152000000,1800,false,2.69
"MSN",140826,"/Date(1704179305000)/",68800,200,2827500,192822000000,1800,false,2.69
"MSN",140826,"/Date(1704179305000)/",68800,100,2827300,192808000000,1800,false,2.69
"MSN",140823,"/Date(1704179300000)/",68800,100,2827200,192801000000,1800,false,2.69
"MSN",140823,"/Date(1704179300000)/",68800,500,2827100,192795000000,1800,false,2.69
"MSN",140823,"/Date(1704179300000)/",68800,100,2826600,192760000000,1800,false,2.69
"MSN",140823,"/Date(1704179300000)/",68800,200,2826500,192753000000,1800,false,2.69
"MSN",140823,"/Date(1704179300000)/",68800,200,2826300,192740000000,1800,false,2.69
"MSN",140820,"/Date(1704179298000)/",68700,600,2826100,192726000000,1700,true,2.54
"MSN",140813,"/Date(1704179291000)/",68800,800,2825500,192685000000,1800,false,2.69
"MSN",140813,"/Date(1704179291000)/",68800,200,2824700,192629000000,1800,false,2.69
"MSN",140813,"/Date(1704179291000)/",68800,100,2824500,192616000000,1800,false,2.69
"MSN",140813,"/Date(1704179291000)/",68800,2000,2824400,192609000000,1800,false,2.69
"MSN",140813,"/Date(1704179291000)/",68800,100,2822400,192471000000,1800,false,2.69
"MSN",140813,"/Date(1704179291000)/",68800,300,2822300,192464000000,1800,false,2.69
"MSN",140813,"/Date(1704179291000)/",68800,100,2822000,192444000000,1800,false,2.69
"MSN",140813,"/Date(1704179291000)/",68800,200,2821900,192437000000,1800,false,2.69
"MSN",140813,"/Date(1704179291000)/",68800,300,2821700,192423000000,1800,false,2.69
"MSN",140813,"/Date(1704179291000)/",68800,100,2821400,192402000000,1800,false,2.69
"MSN",140813,"/Date(1704179291000)/",68800,300,2821300,192396000000,1800,false,2.69
"MSN",140813,"/Date(1704179291000)/",68800,500,2821000,192375000000,1800,false,2.69
"MSN",140813,"/Date(1704179291000)/",68800,3000,2820500,192341000000,1800,false,2.69
"MSN",140813,"/Date(1704179291000)/",68800,1000,2817500,192134000000,1800,false,2.69
"MSN",140813,"/Date(1704179291000)/",68800,200,2816500,192065000000,1800,false,2.69
"MSN",140813,"/Date(1704179291000)/",68800,300,2816300,192052000000,1800,false,2.69
"MSN",140813,"/Date(1704179291000)/",68800,100,2816000,192031000000,1800,false,2.69
"MSN",140813,"/Date(1704179291000)/",68800,500,2815900,192024000000,1800,false,2.69
"MSN",140813,"/Date(1704179291000)/",68800,100,2815400,191990000000,1800,false,2.69
"MSN",140813,"/Date(1704179291000)/",68800,5000,2815300,191983000000,1800,false,2.69
"MSN",140813,"/Date(1704179291000)/",68800,100,2810300,191639000000,1800,false,2.69
"MSN",140813,"/Date(1704179291000)/",68800,500,2810200,191632000000,1800,false,2.69
"MSN",140813,"/Date(1704179291000)/",68800,200,2809700,191597000000,1800,false,2.69
"MSN",140813,"/Date(1704179291000)/",68800,200,2809500,191584000000,1800,false,2.69
"MSN",140813,"/Date(1704179291000)/",68800,100,2809300,191570000000,1800,false,2.69
"MSN",140813,"/Date(1704179291000)/",68800,1500,2809200,191563000000,1800,false,2.69
"MSN",140813,"/Date(1704179291000)/",68800,100,2807700,191460000000,1800,false,2.69
"MSN",140813,"/Date(1704179291000)/",68800,100,2807600,191453000000,1800,false,2.69
"MSN",140813,"/Date(1704179291000)/",68800,500,2807500,191446000000,1800,false,2.69
"MSN",140813,"/Date(1704179291000)/",68800,100,2807000,191412000000,1800,false,2.69
"MSN",140813,"/Date(1704179291000)/",68800,2500,2806900,191405000000,1800,false,2.69
"MSN",140813,"/Date(1704179291000)/",68800,300,2804400,191233000000,1800,false,2.69
"MSN",140813,"/Date(1704179291000)/",68800,300,2804100,191212000000,1800,false,2.69
"MSN",140813,"/Date(1704179291000)/",68800,200,2803800,191192000000,1800,false,2.69
"MSN",140813,"/Date(1704179291000)/",68800,300,2803600,191178000000,1800,false,2.69
"MSN",140813,"/Date(1704179291000)/",68800,500,2803300,191157000000,1800,false,2.69
"MSN",140813,"/Date(1704179291000)/",68800,100,2802800,191123000000,1800,false,2.69
"MSN",140813,"/Date(1704179291000)/",68800,2000,2802700,191116000000,1800,false,2.69
"MSN",140813,"/Date(1704179291000)/",68800,100,2800700,190978000000,1800,false,2.69
"MSN",140813,"/Date(1704179291000)/",68800,100,2800600,190971000000,1800,false,2.69
"MSN",140807,"/Date(1704179283000)/",68700,7700,2800500,190965000000,1700,true,2.54
"MSN",140807,"/Date(1704179283000)/",68700,2800,2792800,190436000000,1700,true,2.54
"MSN",140804,"/Date(1704179283000)/",68800,1000,2790000,190243000000,1800,false,2.69
"MSN",140804,"/Date(1704179283000)/",68800,100,2789000,190174000000,1800,false,2.69
"MSN",140804,"/Date(1704179283000)/",68800,1000,2788900,190167000000,1800,false,2.69
"MSN",140804,"/Date(1704179283000)/",68800,1000,2787900,190099000000,1800,false,2.69
"MSN",140804,"/Date(1704179283000)/",68800,500,2786900,190030000000,1800,false,2.69
"MSN",140804,"/Date(1704179283000)/",68800,200,2786400,189995000000,1800,false,2.69
"MSN",140804,"/Date(1704179283000)/",68800,1000,2786200,189982000000,1800,false,2.69
"MSN",140804,"/Date(1704179283000)/",68800,100,2785200,189913000000,1800,false,2.69
"MSN",140804,"/Date(1704179283000)/",68800,400,2785100,189906000000,1800,false,2.69
"MSN",140804,"/Date(1704179283000)/",68800,100,2784700,189879000000,1800,false,2.69
"MSN",140804,"/Date(1704179283000)/",68800,500,2784600,189872000000,1800,false,2.69
"MSN",140804,"/Date(1704179283000)/",68800,100,2784100,189837000000,1800,false,2.69
"MSN",140804,"/Date(1704179283000)/",68800,200,2784000,189830000000,1800,false,2.69
"MSN",140804,"/Date(1704179283000)/",68800,300,2783800,189817000000,1800,false,2.69
"MSN",140804,"/Date(1704179282000)/",68800,200,2783500,189796000000,1800,false,2.69
"MSN",140801,"/Date(1704179278000)/",68700,100,2783300,189782000000,1700,true,2.54
"MSN",140754,"/Date(1704179273000)/",68800,1500,2783200,189775000000,1800,false,2.69
"MSN",140754,"/Date(1704179273000)/",68800,100,2781700,189672000000,1800,false,2.69
"MSN",140754,"/Date(1704179273000)/",68800,100,2781600,189665000000,1800,false,2.69
"MSN",140754,"/Date(1704179273000)/",68800,500,2781500,189658000000,1800,false,2.69
"MSN",140754,"/Date(1704179273000)/",68800,800,2781000,189624000000,1800,false,2.69
"MSN",140754,"/Date(1704179272000)/",68800,100,2780200,189569000000,1800,false,2.69
"MSN",140754,"/Date(1704179271000)/",68800,100,2780100,189562000000,1800,false,2.69
"MSN",140748,"/Date(1704179264000)/",68800,1000,2780000,189555000000,1800,false,2.69
"MSN",140748,"/Date(1704179264000)/",68800,200,2779000,189486000000,1800,false,2.69
"MSN",140748,"/Date(1704179264000)/",68800,100,2778800,189473000000,1800,false,2.69
"MSN",140748,"/Date(1704179264000)/",68800,2000,2778700,189466000000,1800,false,2.69
"MSN",140748,"/Date(1704179264000)/",68800,100,2776700,189328000000,1800,false,2.69
"MSN",140748,"/Date(1704179264000)/",68800,100,2776600,189321000000,1800,false,2.69
"MSN",140748,"/Date(1704179264000)/",68800,100,2776500,189314000000,1800,false,2.69
"MSN",140748,"/Date(1704179264000)/",68800,100,2776400,189308000000,1800,false,2.69
"MSN",140748,"/Date(1704179264000)/",68800,100,2776300,189301000000,1800,false,2.69
"MSN",140748,"/Date(1704179264000)/",68800,1000,2776200,189294000000,1800,false,2.69
"MSN",140741,"/Date(1704179260000)/",68800,500,2775200,189225000000,1800,false,2.69
"MSN",140741,"/Date(1704179260000)/",68800,300,2774700,189191000000,1800,false,2.69
"MSN",140741,"/Date(1704179260000)/",68800,100,2774400,189170000000,1800,false,2.69
"MSN",140741,"/Date(1704179260000)/",68800,100,2774300,189163000000,1800,false,2.69
"MSN",140741,"/Date(1704179259000)/",68800,100,2774200,189156000000,1800,false,2.69
"MSN",140741,"/Date(1704179258000)/",68800,300,2774100,189149000000,1800,false,2.69
"MSN",140738,"/Date(1704179256000)/",68800,100,2773800,189129000000,1800,false,2.69
"MSN",140725,"/Date(1704179244000)/",68700,300,2773700,189122000000,1700,true,2.54
"MSN",140725,"/Date(1704179242000)/",68700,100,2773400,189101000000,1700,true,2.54
"MSN",140719,"/Date(1704179236000)/",68800,100,2773300,189094000000,1800,false,2.69
"MSN",140659,"/Date(1704179217000)/",68800,500,2773200,189087000000,1800,false,2.69
"MSN",140659,"/Date(1704179217000)/",68800,500,2772700,189053000000,1800,false,2.69
"MSN",140659,"/Date(1704179217000)/",68800,100,2772200,189019000000,1800,false,2.69
"MSN",140659,"/Date(1704179216000)/",68700,800,2772100,189012000000,1700,true,2.54
"MSN",140653,"/Date(1704179210000)/",68800,100,2771300,188957000000,1800,false,2.69
"MSN",140647,"/Date(1704179204000)/",68700,900,2771200,188950000000,1700,true,2.54
"MSN",140647,"/Date(1704179204000)/",68700,200,2770300,188888000000,1700,true,2.54
"MSN",140647,"/Date(1704179204000)/",68700,700,2770100,188874000000,1700,true,2.54
"MSN",140643,"/Date(1704179201000)/",68700,100,2769400,188826000000,1700,true,2.54
"MSN",140640,"/Date(1704179199000)/",68700,800,2769300,188819000000,1700,true,2.54
"MSN",140640,"/Date(1704179199000)/",68700,1200,2768500,188764000000,1700,true,2.54
"MSN",140640,"/Date(1704179198000)/",68700,200,2767300,188682000000,1700,true,2.54
"MSN",140624,"/Date(1704179182000)/",68700,100,2767100,188668000000,1700,true,2.54
"MSN",140621,"/Date(1704179180000)/",68700,2000,2767000,188661000000,1700,true,2.54
"MSN",140621,"/Date(1704179179000)/",68700,100,2765000,188524000000,1700,true,2.54
"MSN",140618,"/Date(1704179177000)/",68800,600,2764900,188517000000,1800,false,2.69
"MSN",140618,"/Date(1704179175000)/",68700,200,2764300,188476000000,1700,true,2.54
"MSN",140618,"/Date(1704179174000)/",68800,100,2764100,188462000000,1800,false,2.69
"MSN",140608,"/Date(1704179166000)/",68700,100,2764000,188455000000,1700,true,2.54
"MSN",140605,"/Date(1704179162000)/",68700,1000,2763900,188448000000,1700,true,2.54
"MSN",140605,"/Date(1704179161000)/",68700,100,2762900,188380000000,1700,true,2.54
"MSN",140555,"/Date(1704179153000)/",68700,100,2762800,188373000000,1700,false,2.54
"MSN",140555,"/Date(1704179153000)/",68700,2400,2762700,188366000000,1700,false,2.54
"MSN",140552,"/Date(1704179150000)/",68700,300,2760300,188201000000,1700,false,2.54
"MSN",140552,"/Date(1704179150000)/",68700,100,2760000,188180000000,1700,false,2.54
"MSN",140552,"/Date(1704179150000)/",68700,100,2759900,188173000000,1700,false,2.54
"MSN",140552,"/Date(1704179150000)/",68700,300,2759800,188167000000,1700,false,2.54
"MSN",140546,"/Date(1704179144000)/",68700,800,2759500,188146000000,1700,false,2.54
"MSN",140546,"/Date(1704179144000)/",68700,4200,2758700,188091000000,1700,false,2.54
"MSN",140543,"/Date(1704179140000)/",68700,100,2754500,187803000000,1700,false,2.54
"MSN",140530,"/Date(1704179127000)/",68700,200,2754400,187796000000,1700,false,2.54
"MSN",140527,"/Date(1704179126000)/",68700,500,2754200,187782000000,1700,false,2.54
"MSN",140520,"/Date(1704179117000)/",68700,200,2753700,187748000000,1700,false,2.54
"MSN",140520,"/Date(1704179117000)/",68700,300,2753500,187734000000,1700,false,2.54
"MSN",140520,"/Date(1704179117000)/",68700,4500,2753200,187713000000,1700,false,2.54
"MSN",140514,"/Date(1704179113000)/",68600,200,2748700,187404000000,1600,true,2.39
"MSN",140514,"/Date(1704179113000)/",68600,300,2748500,187390000000,1600,true,2.39
"MSN",140508,"/Date(1704179105000)/",68700,500,2748200,187370000000,1700,false,2.54
"MSN",140508,"/Date(1704179105000)/",68700,500,2747700,187335000000,1700,false,2.54
"MSN",140508,"/Date(1704179105000)/",68700,1000,2747200,187301000000,1700,false,2.54
"MSN",140508,"/Date(1704179105000)/",68700,500,2746200,187232000000,1700,false,2.54
"MSN",140508,"/Date(1704179105000)/",68700,2000,2745700,187198000000,1700,false,2.54
"MSN",140508,"/Date(1704179105000)/",68700,1000,2743700,187061000000,1700,false,2.54
"MSN",140508,"/Date(1704179105000)/",68700,2400,2742700,186992000000,1700,false,2.54
"MSN",140501,"/Date(1704179098000)/",68600,300,2740300,186827000000,1600,true,2.39
"MSN",140501,"/Date(1704179098000)/",68600,200,2740000,186806000000,1600,true,2.39
"MSN",140458,"/Date(1704179095000)/",68600,100,2739800,186793000000,1600,true,2.39
"MSN",140458,"/Date(1704179095000)/",68700,2000,2739700,186786000000,1700,false,2.54
"MSN",140458,"/Date(1704179094000)/",68700,600,2737700,186648000000,1700,false,2.54
"MSN",140458,"/Date(1704179094000)/",68700,300,2737100,186607000000,1700,false,2.54
"MSN",140458,"/Date(1704179094000)/",68700,1100,2736800,186587000000,1700,false,2.54
"MSN",140455,"/Date(1704179091000)/",68600,500,2735700,186511000000,1600,true,2.39
"MSN",140452,"/Date(1704179088000)/",68600,500,2735200,186477000000,1600,true,2.39
"MSN",140448,"/Date(1704179085000)/",68600,200,2734700,186442000000,1600,true,2.39
"MSN",140448,"/Date(1704179085000)/",68700,100,2734500,186429000000,1700,false,2.54
"MSN",140445,"/Date(1704179083000)/",68600,500,2734400,186422000000,1600,true,2.39
"MSN",140439,"/Date(1704179077000)/",68700,8800,2733900,186388000000,1700,false,2.54
"MSN",140439,"/Date(1704179077000)/",68700,500,2725100,185783000000,1700,false,2.54
"MSN",140439,"/Date(1704179077000)/",68700,1000,2724600,185749000000,1700,false,2.54
"MSN",140439,"/Date(1704179077000)/",68700,100,2723600,185680000000,1700,false,2.54
"MSN",140439,"/Date(1704179077000)/",68700,100,2723500,185673000000,1700,false,2.54
"MSN",140439,"/Date(1704179077000)/",68700,100,2723400,185666000000,1700,false,2.54
"MSN",140439,"/Date(1704179077000)/",68700,200,2723300,185659000000,1700,false,2.54
"MSN",140439,"/Date(1704179077000)/",68700,1000,2723100,185646000000,1700,false,2.54
"MSN",140439,"/Date(1704179077000)/",68700,100,2722100,185577000000,1700,false,2.54
"MSN",140439,"/Date(1704179077000)/",68700,3000,2722000,185570000000,1700,false,2.54
"MSN",140439,"/Date(1704179077000)/",68700,100,2719000,185364000000,1700,false,2.54
"MSN",140439,"/Date(1704179076000)/",68600,500,2718900,185357000000,1600,true,2.39
"MSN",140432,"/Date(1704179071000)/",68600,500,2718400,185323000000,1600,true,2.39
"MSN",140429,"/Date(1704179067000)/",68600,500,2717900,185288000000,1600,true,2.39
"MSN",140429,"/Date(1704179067000)/",68600,100,2717400,185254000000,1600,true,2.39
"MSN",140429,"/Date(1704179067000)/",68600,500,2717300,185247000000,1600,true,2.39
"MSN",140426,"/Date(1704179062000)/",68600,400,2716800,185213000000,1600,true,2.39
"MSN",140426,"/Date(1704179062000)/",68600,100,2716400,185186000000,1600,true,2.39
"MSN",140420,"/Date(1704179056000)/",68600,400,2716300,185179000000,1600,true,2.39
"MSN",140420,"/Date(1704179056000)/",68600,100,2715900,185151000000,1600,true,2.39
"MSN",140413,"/Date(1704179052000)/",68600,100,2715800,185144000000,1600,true,2.39
"MSN",140413,"/Date(1704179052000)/",68600,100,2715700,185138000000,1600,true,2.39
"MSN",140413,"/Date(1704179052000)/",68600,100,2715600,185131000000,1600,true,2.39
"MSN",140413,"/Date(1704179052000)/",68600,200,2715500,185124000000,1600,true,2.39
"MSN",140413,"/Date(1704179052000)/",68600,2400,2715300,185110000000,1600,true,2.39
"MSN",140407,"/Date(1704179045000)/",68600,500,2712900,184945000000,1600,true,2.39
"MSN",140407,"/Date(1704179043000)/",68700,500,2712400,184911000000,1700,false,2.54
"MSN",140404,"/Date(1704179041000)/",68600,500,2711900,184877000000,1600,true,2.39
"MSN",140404,"/Date(1704179040000)/",68700,1400,2711400,184843000000,1700,false,2.54
"MSN",140404,"/Date(1704179040000)/",68700,500,2710000,184746000000,1700,false,2.54
"MSN",140404,"/Date(1704179040000)/",68700,100,2709500,184712000000,1700,false,2.54
"MSN",140400,"/Date(1704179037000)/",68700,300,2709400,184705000000,1700,false,2.54
"MSN",140400,"/Date(1704179037000)/",68700,100,2709100,184685000000,1700,false,2.54
"MSN",140400,"/Date(1704179037000)/",68700,100,2709000,184678000000,1700,false,2.54
"MSN",140357,"/Date(1704179035000)/",68600,500,2708900,184671000000,1600,true,2.39
"MSN",140348,"/Date(1704179025000)/",68600,1000,2708400,184636000000,1600,true,2.39
"MSN",140344,"/Date(1704179024000)/",68600,500,2707400,184568000000,1600,true,2.39
"MSN",140341,"/Date(1704179020000)/",68600,500,2706900,184534000000,1600,true,2.39
"MSN",140338,"/Date(1704179017000)/",68700,300,2706400,184499000000,1700,true,2.54
"MSN",140328,"/Date(1704179007000)/",68700,100,2706100,184479000000,1700,true,2.54
"MSN",140325,"/Date(1704179003000)/",68700,400,2706000,184472000000,1700,true,2.54
"MSN",140325,"/Date(1704179003000)/",68700,100,2705600,184444000000,1700,true,2.54
"MSN",140312,"/Date(1704178990000)/",68700,400,2705500,184437000000,1700,false,2.54
"MSN",140312,"/Date(1704178990000)/",68700,100,2705100,184410000000,1700,false,2.54
"MSN",140312,"/Date(1704178990000)/",68700,100,2705000,184403000000,1700,false,2.54
"MSN",140312,"/Date(1704178989000)/",68800,100,2704900,184396000000,1800,false,2.69
"MSN",140312,"/Date(1704178989000)/",68700,900,2704800,184389000000,1700,false,2.54
"MSN",140309,"/Date(1704178986000)/",68600,300,2703900,184328000000,1600,true,2.39
"MSN",140306,"/Date(1704178984000)/",68700,100,2703600,184307000000,1700,true,2.54
"MSN",140306,"/Date(1704178982000)/",68700,200,2703500,184300000000,1700,true,2.54
"MSN",140303,"/Date(1704178981000)/",68700,400,2703300,184286000000,1700,false,2.54
"MSN",140303,"/Date(1704178981000)/",68700,200,2702900,184259000000,1700,false,2.54
"MSN",140303,"/Date(1704178981000)/",68700,100,2702700,184245000000,1700,false,2.54
"MSN",140303,"/Date(1704178981000)/",68700,600,2702600,184238000000,1700,false,2.54
"MSN",140303,"/Date(1704178981000)/",68700,2000,2702000,184197000000,1700,false,2.54
"MSN",140303,"/Date(1704178981000)/",68700,100,2700000,184060000000,1700,false,2.54
"MSN",140303,"/Date(1704178981000)/",68700,300,2699900,184053000000,1700,false,2.54
"MSN",140303,"/Date(1704178981000)/",68700,2000,2699600,184032000000,1700,false,2.54
"MSN",140303,"/Date(1704178981000)/",68700,400,2697600,183895000000,1700,false,2.54
"MSN",140237,"/Date(1704178955000)/",68600,400,2697200,183867000000,1600,true,2.39
"MSN",140237,"/Date(1704178953000)/",68700,100,2696800,183840000000,1700,false,2.54
"MSN",140234,"/Date(1704178953000)/",68700,100,2696700,183833000000,1700,false,2.54
"MSN",140234,"/Date(1704178953000)/",68700,200,2696600,183826000000,1700,false,2.54
"MSN",140234,"/Date(1704178953000)/",68700,100,2696400,183812000000,1700,false,2.54
"MSN",140234,"/Date(1704178953000)/",68700,500,2696300,183805000000,1700,false,2.54
"MSN",140234,"/Date(1704178953000)/",68700,200,2695800,183771000000,1700,false,2.54
"MSN",140234,"/Date(1704178953000)/",68700,200,2695600,183757000000,1700,false,2.54
"MSN",140234,"/Date(1704178953000)/",68700,600,2695400,183744000000,1700,false,2.54
"MSN",140234,"/Date(1704178950000)/",68700,100,2694800,183702000000,1700,false,2.54
"MSN",140231,"/Date(1704178948000)/",68700,300,2694700,183696000000,1700,false,2.54
"MSN",140231,"/Date(1704178948000)/",68700,200,2694400,183675000000,1700,false,2.54
"MSN",140228,"/Date(1704178944000)/",68700,100,2694200,183661000000,1700,false,2.54
"MSN",140221,"/Date(1704178939000)/",68700,100,2694100,183654000000,1700,false,2.54
"MSN",140221,"/Date(1704178939000)/",68700,400,2694000,183647000000,1700,false,2.54
"MSN",140215,"/Date(1704178933000)/",68700,600,2693600,183620000000,1700,false,2.54
"MSN",140215,"/Date(1704178933000)/",68700,400,2693000,183579000000,1700,false,2.54
"MSN",140212,"/Date(1704178930000)/",68700,500,2692600,183551000000,1700,false,2.54
"MSN",140205,"/Date(1704178924000)/",68700,100,2692100,183517000000,1700,false,2.54
"MSN",140205,"/Date(1704178924000)/",68700,100,2692000,183510000000,1700,false,2.54
"MSN",140205,"/Date(1704178922000)/",68700,500,2691900,183503000000,1700,false,2.54
"MSN",140159,"/Date(1704178917000)/",68700,500,2691400,183469000000,1700,false,2.54
"MSN",140136,"/Date(1704178895000)/",68600,100,2690900,183434000000,1600,true,2.39
"MSN",140133,"/Date(1704178892000)/",68700,500,2690800,183428000000,1700,false,2.54
"MSN",140130,"/Date(1704178889000)/",68700,500,2690300,183393000000,1700,false,2.54
"MSN",140120,"/Date(1704178879000)/",68700,3000,2689800,183359000000,1700,false,2.54
"MSN",140114,"/Date(1704178872000)/",68600,500,2686800,183153000000,1600,true,2.39
"MSN",140111,"/Date(1704178869000)/",68700,100,2686300,183119000000,1700,false,2.54
"MSN",140108,"/Date(1704178867000)/",68600,500,2686200,183112000000,1600,true,2.39
"MSN",140104,"/Date(1704178862000)/",68600,500,2685700,183077000000,1600,true,2.39
"MSN",140101,"/Date(1704178858000)/",68700,100,2685200,183043000000,1700,true,2.54
"MSN",140101,"/Date(1704178858000)/",68700,1300,2685100,183036000000,1700,true,2.54
"MSN",140052,"/Date(1704178850000)/",68700,500,2683800,182947000000,1700,false,2.54
"MSN",140052,"/Date(1704178850000)/",68700,900,2683300,182913000000,1700,false,2.54
"MSN",140052,"/Date(1704178850000)/",68700,2000,2682400,182851000000,1700,false,2.54
"MSN",140052,"/Date(1704178850000)/",68700,100,2680400,182713000000,1700,false,2.54
"MSN",140052,"/Date(1704178850000)/",68700,100,2680300,182706000000,1700,false,2.54
"MSN",140049,"/Date(1704178846000)/",68600,200,2680200,182700000000,1600,true,2.39
"MSN",140045,"/Date(1704178844000)/",68600,500,2680000,182686000000,1600,true,2.39
"MSN",140042,"/Date(1704178839000)/",68700,400,2679500,182652000000,1700,true,2.54
"MSN",140039,"/Date(1704178838000)/",68700,500,2679100,182624000000,1700,true,2.54
"MSN",140036,"/Date(1704178833000)/",68700,100,2678600,182590000000,1700,false,2.54
"MSN",140036,"/Date(1704178833000)/",68700,400,2678500,182583000000,1700,false,2.54
"MSN",140036,"/Date(1704178833000)/",68700,100,2678100,182555000000,1700,false,2.54
"MSN",140036,"/Date(1704178833000)/",68700,100,2678000,182548000000,1700,false,2.54
"MSN",140036,"/Date(1704178833000)/",68700,4000,2677900,182542000000,1700,false,2.54
"MSN",140036,"/Date(1704178833000)/",68700,300,2673900,182267000000,1700,false,2.54
"MSN",140036,"/Date(1704178833000)/",68700,400,2673600,182246000000,1700,false,2.54
"MSN",140036,"/Date(1704178833000)/",68700,100,2673200,182219000000,1700,false,2.54
"MSN",140036,"/Date(1704178833000)/",68700,100,2673100,182212000000,1700,false,2.54
"MSN",140036,"/Date(1704178833000)/",68700,100,2673000,182205000000,1700,false,2.54
"MSN",140036,"/Date(1704178833000)/",68700,200,2672900,182198000000,1700,false,2.54
"MSN",140036,"/Date(1704178833000)/",68700,300,2672700,182184000000,1700,false,2.54
"MSN",140036,"/Date(1704178833000)/",68700,100,2672400,182164000000,1700,false,2.54
"MSN",140036,"/Date(1704178833000)/",68700,300,2672300,182157000000,1700,false,2.54
"MSN",140036,"/Date(1704178833000)/",68700,400,2672000,182136000000,1700,false,2.54
"MSN",140036,"/Date(1704178833000)/",68700,1000,2671600,182109000000,1700,false,2.54
"MSN",140036,"/Date(1704178833000)/",68700,500,2670600,182040000000,1700,false,2.54
"MSN",140036,"/Date(1704178833000)/",68700,500,2670100,182006000000,1700,false,2.54
"MSN",140036,"/Date(1704178833000)/",68700,100,2669600,181971000000,1700,false,2.54
"MSN",140036,"/Date(1704178833000)/",68700,200,2669500,181965000000,1700,false,2.54
"MSN",140036,"/Date(1704178833000)/",68700,500,2669300,181951000000,1700,false,2.54
"MSN",140036,"/Date(1704178833000)/",68700,1000,2668800,181916000000,1700,false,2.54
"MSN",140036,"/Date(1704178833000)/",68700,200,2667800,181848000000,1700,false,2.54
"MSN",140036,"/Date(1704178833000)/",68700,500,2667600,181834000000,1700,false,2.54
"MSN",140036,"/Date(1704178833000)/",68700,100,2667100,181800000000,1700,false,2.54
"MSN",140036,"/Date(1704178833000)/",68700,100,2667000,181793000000,1700,false,2.54
"MSN",140036,"/Date(1704178833000)/",68700,100,2666900,181786000000,1700,false,2.54
"MSN",140036,"/Date(1704178833000)/",68700,500,2666800,181779000000,1700,false,2.54
"MSN",140036,"/Date(1704178833000)/",68700,200,2666300,181745000000,1700,false,2.54
"MSN",140036,"/Date(1704178833000)/",68700,400,2666100,181731000000,1700,false,2.54
"MSN",140036,"/Date(1704178833000)/",68700,100,2665700,181703000000,1700,false,2.54
"MSN",140036,"/Date(1704178833000)/",68700,100,2665600,181697000000,1700,false,2.54
"MSN",140036,"/Date(1704178833000)/",68700,100,2665500,181690000000,1700,false,2.54
"MSN",140036,"/Date(1704178833000)/",68700,200,2665400,181683000000,1700,false,2.54
"MSN",140036,"/Date(1704178833000)/",68700,100,2665200,181669000000,1700,false,2.54
"MSN",140036,"/Date(1704178833000)/",68700,200,2665100,181662000000,1700,false,2.54
"MSN",140036,"/Date(1704178833000)/",68700,2000,2664900,181649000000,1700,false,2.54
"MSN",140036,"/Date(1704178833000)/",68700,100,2662900,181511000000,1700,false,2.54
"MSN",140036,"/Date(1704178833000)/",68700,100,2662800,181504000000,1700,false,2.54
"MSN",140036,"/Date(1704178833000)/",68700,500,2662700,181497000000,1700,false,2.54
"MSN",140036,"/Date(1704178833000)/",68700,5000,2662200,181463000000,1700,false,2.54
"MSN",140036,"/Date(1704178833000)/",68700,200,2657200,181120000000,1700,false,2.54
