"Stockcode","Package","TradingDate","Price","Vol","TotalVol","TotalVal","Change","IsBuy","PerChange"
"SJD",144510,"/Date(1704181501000)/",14900,20200,102500,1530000000,-100,true,-0.67
"SJD",142934,"/Date(1704180573000)/",14900,600,82300,1229000000,-100,true,-0.67
"SJD",142934,"/Date(1704180573000)/",14900,500,81700,1220000000,-100,true,-0.67
"SJD",142934,"/Date(1704180573000)/",14900,1000,81200,1212000000,-100,true,-0.67
"SJD",142934,"/Date(1704180573000)/",14900,100,80200,1197000000,-100,true,-0.67
"SJD",142934,"/Date(1704180573000)/",14900,500,80100,1196000000,-100,true,-0.67
"SJD",142934,"/Date(1704180573000)/",14900,1000,79600,1188000000,-100,true,-0.67
"SJD",142934,"/Date(1704180573000)/",14900,1400,78600,1173000000,-100,true,-0.67
"SJD",142622,"/Date(1704180380000)/",14900,300,77200,1153000000,-100,true,-0.67
"SJD",141415,"/Date(1704179654000)/",14950,500,76900,1148000000,-50,false,-0.33
"SJD",140429,"/Date(1704179067000)/",14950,100,76400,1141000000,-50,false,-0.33
"SJD",135117,"/Date(1704178274000)/",14950,4300,76300,1139000000,-50,true,-0.33
"SJD",135101,"/Date(1704178260000)/",14950,5000,72000,1075000000,-50,false,-0.33
"SJD",135101,"/Date(1704178260000)/",14950,700,67000,1000000000,-50,false,-0.33
"SJD",134059,"/Date(1704177655000)/",14950,1000,66300,990000000,-50,false,-0.33
"SJD",131915,"/Date(1704176352000)/",14950,3300,65300,975000000,-50,true,-0.33
"SJD",131856,"/Date(1704176335000)/",14950,1700,62000,925000000,-50,false,-0.33
"SJD",131103,"/Date(1704175860000)/",14900,100,60300,900000000,-100,true,-0.67
"SJD",130946,"/Date(1704175785000)/",14900,500,60200,899000000,-100,true,-0.67
"SJD",130040,"/Date(1704175203000)/",14900,400,59700,891000000,-100,true,-0.67
"SJD",130040,"/Date(1704175203000)/",14950,5000,59300,885000000,-50,true,-0.33
"SJD",130037,"/Date(1704175201000)/",14950,5000,54300,810000000,-50,false,-0.33
"SJD",112054,"/Date(1704169251000)/",14900,1000,49300,736000000,-100,false,-0.67
"SJD",111044,"/Date(1704168641000)/",14900,500,48300,721000000,-100,true,-0.67
"SJD",111044,"/Date(1704168641000)/",14900,200,47800,713000000,-100,true,-0.67
"SJD",111044,"/Date(1704168641000)/",14900,100,47600,710000000,-100,true,-0.67
"SJD",111044,"/Date(1704168641000)/",14900,200,47500,709000000,-100,true,-0.67
"SJD",105716,"/Date(1704167833000)/",14900,300,47300,706000000,-100,false,-0.67
"SJD",105716,"/Date(1704167833000)/",14900,800,47000,701000000,-100,false,-0.67
"SJD",105716,"/Date(1704167833000)/",14900,2000,46200,689000000,-100,false,-0.67
"SJD",105716,"/Date(1704167833000)/",14900,500,44200,660000000,-100,false,-0.67
"SJD",105716,"/Date(1704167833000)/",14900,100,43700,652000000,-100,false,-0.67
"SJD",105716,"/Date(1704167833000)/",14900,2000,43600,651000000,-100,false,-0.67
"SJD",105716,"/Date(1704167833000)/",14900,100,41600,621000000,-100,false,-0.67
"SJD",105716,"/Date(1704167833000)/",14900,1000,41500,619000000,-100,false,-0.67
"SJD",105716,"/Date(1704167833000)/",14900,600,40500,604000000,-100,false,-0.67
"SJD",105716,"/Date(1704167833000)/",14900,200,39900,596000000,-100,false,-0.67
"SJD",105716,"/Date(1704167833000)/",14900,100,39700,593000000,-100,false,-0.67
"SJD",105716,"/Date(1704167833000)/",14900,1000,39600,591000000,-100,false,-0.67
"SJD",105716,"/Date(1704167833000)/",14900,100,38600,576000000,-100,false,-0.67
"SJD",105716,"/Date(1704167833000)/",14900,200,38500,575000000,-100,false,-0.67
"SJD",105716,"/Date(1704167833000)/",14900,1500,38300,572000000,-100,false,-0.67
"SJD",105716,"/Date(1704167833000)/",14900,6000,36800,549000000,-100,false,-0.67
"SJD",104040,"/Date(1704166839000)/",14950,100,30800,460000000,-50,false,-0.33
"SJD",104024,"/Date(1704166823000)/",14950,100,30700,458000000,-50,false,-0.33
"SJD",103537,"/Date(1704166534000)/",14950,100,30600,457000000,-50,false,-0.33
"SJD",101856,"/Date(1704165532000)/",14950,4800,30500,455000000,-50,false,-0.33
"SJD",101856,"/Date(1704165532000)/",14950,1200,25700,384000000,-50,false,-0.33
"SJD",100925,"/Date(1704164964000)/",14950,600,24500,366000000,-50,false,-0.33
"SJD",100637,"/Date(1704164796000)/",14950,400,23900,357000000,-50,true,-0.33
"SJD",100614,"/Date(1704164771000)/",14950,1600,23500,351000000,-50,false,-0.33
"SJD",100539,"/Date(1704164738000)/",14950,400,21900,327000000,-50,false,-0.33
"SJD",100536,"/Date(1704164733000)/",14950,100,21500,321000000,-50,false,-0.33
"SJD",100527,"/Date(1704164723000)/",14900,100,21400,319000000,-100,true,-0.67
"SJD",100442,"/Date(1704164679000)/",14900,100,21300,318000000,-100,true,-0.67
"SJD",95911,"/Date(1704164349000)/",14950,100,21200,316000000,-50,false,-0.33
"SJD",95823,"/Date(1704164300000)/",14950,500,21100,315000000,-50,false,-0.33
"SJD",94642,"/Date(1704163601000)/",14900,300,20600,307000000,-100,true,-0.67
"SJD",94557,"/Date(1704163554000)/",14950,1000,20300,303000000,-50,false,-0.33
"SJD",94325,"/Date(1704163401000)/",14950,5000,19300,288000000,-50,false,-0.33
"SJD",94205,"/Date(1704163322000)/",14950,300,14300,213000000,-50,false,-0.33
"SJD",94004,"/Date(1704163202000)/",14950,1000,14000,209000000,-50,true,-0.33
"SJD",93945,"/Date(1704163183000)/",14950,4000,13000,194000000,-50,false,-0.33
"SJD",93800,"/Date(1704163077000)/",14900,700,9000,134000000,-100,true,-0.67
"SJD",93754,"/Date(1704163072000)/",14950,1000,8300,124000000,-50,false,-0.33
"SJD",93323,"/Date(1704162801000)/",14950,5000,7300,109000000,-50,true,-0.33
"SJD",91932,"/Date(1704161968000)/",14950,1000,2300,34000000,-50,false,-0.33
"SJD",91850,"/Date(1704161930000)/",14950,200,1300,19000000,-50,true,-0.33
"SJD",91850,"/Date(1704161930000)/",14950,300,1100,16000000,-50,true,-0.33
"SJD",91625,"/Date(1704161782000)/",15000,100,800,12000000,0,false,0
"SJD",91506,"/Date(1704161700000)/",15000,700,700,10000000,0,false,0
