"Stockcode","Package","TradingDate","Price","Vol","TotalVol","TotalVal","Change","IsBuy","PerChange"
"VCI",144504,"/Date(1704181501000)/",42300,380400,7174900,303884000000,-450,false,-1.05
"VCI",142956,"/Date(1704180595000)/",42150,200,6794500,287793000000,-600,false,-1.4
"VCI",142953,"/Date(1704180592000)/",42150,1500,6794300,287784000000,-600,false,-1.4
"VCI",142953,"/Date(1704180590000)/",42150,700,6792800,287721000000,-600,false,-1.4
"VCI",142953,"/Date(1704180590000)/",42150,100,6792100,287691000000,-600,false,-1.4
"VCI",142953,"/Date(1704180590000)/",42150,200,6792000,287687000000,-600,false,-1.4
"VCI",142950,"/Date(1704180589000)/",42100,700,6791800,287679000000,-650,true,-1.52
"VCI",142950,"/Date(1704180589000)/",42100,800,6791100,287649000000,-650,true,-1.52
"VCI",142950,"/Date(1704180587000)/",42100,200,6790300,287616000000,-650,true,-1.52
"VCI",142950,"/Date(1704180587000)/",42100,300,6790100,287607000000,-650,true,-1.52
"VCI",142944,"/Date(1704180581000)/",42150,300,6789800,287595000000,-600,false,-1.4
"VCI",142944,"/Date(1704180581000)/",42150,200,6789500,287582000000,-600,false,-1.4
"VCI",142931,"/Date(1704180569000)/",42150,300,6789300,287574000000,-600,false,-1.4
"VCI",142931,"/Date(1704180569000)/",42150,500,6789000,287561000000,-600,false,-1.4
"VCI",142931,"/Date(1704180569000)/",42150,200,6788500,287540000000,-600,false,-1.4
"VCI",142931,"/Date(1704180569000)/",42150,100,6788300,287531000000,-600,false,-1.4
"VCI",142931,"/Date(1704180569000)/",42100,200,6788200,287527000000,-650,true,-1.52
"VCI",142931,"/Date(1704180569000)/",42100,100,6788000,287519000000,-650,true,-1.52
"VCI",142931,"/Date(1704180569000)/",42100,500,6787900,287515000000,-650,true,-1.52
"VCI",142931,"/Date(1704180569000)/",42100,5000,6787400,287493000000,-650,true,-1.52
"VCI",142931,"/Date(1704180569000)/",42100,200,6782400,287283000000,-650,true,-1.52
"VCI",142931,"/Date(1704180569000)/",42100,1000,6782200,287275000000,-650,true,-1.52
"VCI",142931,"/Date(1704180569000)/",42100,1000,6781200,287232000000,-650,true,-1.52
"VCI",142928,"/Date(1704180567000)/",42150,100,6780200,287190000000,-600,false,-1.4
"VCI",142924,"/Date(1704180562000)/",42150,100,6780100,287186000000,-600,false,-1.4
"VCI",142924,"/Date(1704180562000)/",42150,300,6780000,287182000000,-600,false,-1.4
"VCI",142921,"/Date(1704180560000)/",42150,100,6779700,287169000000,-600,false,-1.4
"VCI",142918,"/Date(1704180556000)/",42150,100,6779600,287165000000,-600,false,-1.4
"VCI",142918,"/Date(1704180556000)/",42150,900,6779500,287161000000,-600,false,-1.4
"VCI",142915,"/Date(1704180553000)/",42150,100,6778600,287123000000,-600,false,-1.4
"VCI",142915,"/Date(1704180553000)/",42150,900,6778500,287119000000,-600,false,-1.4
"VCI",142915,"/Date(1704180552000)/",42100,700,6777600,287081000000,-650,true,-1.52
"VCI",142915,"/Date(1704180552000)/",42100,700,6776900,287051000000,-650,true,-1.52
"VCI",142915,"/Date(1704180552000)/",42100,600,6776200,287022000000,-650,true,-1.52
"VCI",142915,"/Date(1704180552000)/",42150,1000,6775600,286997000000,-600,false,-1.4
"VCI",142912,"/Date(1704180549000)/",42150,700,6774600,286954000000,-600,false,-1.4
"VCI",142912,"/Date(1704180549000)/",42150,1300,6773900,286925000000,-600,false,-1.4
"VCI",142908,"/Date(1704180545000)/",42150,200,6772600,286870000000,-600,false,-1.4
"VCI",142905,"/Date(1704180543000)/",42150,1500,6772400,286862000000,-600,false,-1.4
"VCI",142905,"/Date(1704180543000)/",42150,500,6770900,286798000000,-600,false,-1.4
"VCI",142905,"/Date(1704180543000)/",42150,500,6770400,286777000000,-600,false,-1.4
"VCI",142905,"/Date(1704180542000)/",42150,100,6769900,286756000000,-600,false,-1.4
"VCI",142905,"/Date(1704180542000)/",42100,1000,6769800,286752000000,-650,true,-1.52
"VCI",142849,"/Date(1704180528000)/",42150,1400,6768800,286710000000,-600,false,-1.4
"VCI",142849,"/Date(1704180528000)/",42150,1600,6767400,286651000000,-600,false,-1.4
"VCI",142849,"/Date(1704180526000)/",42100,1000,6765800,286584000000,-650,true,-1.52
"VCI",142849,"/Date(1704180526000)/",42100,400,6764800,286541000000,-650,true,-1.52
"VCI",142833,"/Date(1704180512000)/",42100,1500,6764400,286525000000,-650,false,-1.52
"VCI",142830,"/Date(1704180507000)/",42100,7800,6762900,286461000000,-650,false,-1.52
"VCI",142830,"/Date(1704180507000)/",42100,100,6755100,286133000000,-650,false,-1.52
"VCI",142830,"/Date(1704180507000)/",42100,600,6755000,286129000000,-650,false,-1.52
"VCI",142830,"/Date(1704180507000)/",42100,1500,6754400,286104000000,-650,false,-1.52
"VCI",142827,"/Date(1704180505000)/",42100,1000,6752900,286040000000,-650,false,-1.52
"VCI",142827,"/Date(1704180505000)/",42100,1000,6751900,285998000000,-650,false,-1.52
"VCI",142827,"/Date(1704180504000)/",42100,300,6750900,285956000000,-650,false,-1.52
"VCI",142824,"/Date(1704180500000)/",42100,1000,6750600,285944000000,-650,false,-1.52
"VCI",142821,"/Date(1704180499000)/",42100,500,6749600,285902000000,-650,false,-1.52
"VCI",142821,"/Date(1704180497000)/",42050,10000,6749100,285880000000,-700,true,-1.64
"VCI",142821,"/Date(1704180497000)/",42100,500,6739100,285460000000,-650,false,-1.52
"VCI",142817,"/Date(1704180496000)/",42050,1000,6738600,285439000000,-700,true,-1.64
"VCI",142817,"/Date(1704180496000)/",42100,600,6737600,285397000000,-650,false,-1.52
"VCI",142817,"/Date(1704180495000)/",42100,500,6737000,285372000000,-650,false,-1.52
"VCI",142817,"/Date(1704180494000)/",42100,500,6736500,285351000000,-650,false,-1.52
"VCI",142814,"/Date(1704180492000)/",42100,100,6736000,285330000000,-650,false,-1.52
"VCI",142814,"/Date(1704180492000)/",42100,100,6735900,285325000000,-650,false,-1.52
"VCI",142814,"/Date(1704180492000)/",42100,500,6735800,285321000000,-650,false,-1.52
"VCI",142811,"/Date(1704180487000)/",42100,600,6735300,285300000000,-650,false,-1.52
"VCI",142808,"/Date(1704180484000)/",42100,100,6734700,285275000000,-650,false,-1.52
"VCI",142804,"/Date(1704180481000)/",42100,200,6734600,285271000000,-650,false,-1.52
"VCI",142758,"/Date(1704180474000)/",42100,100,6734400,285262000000,-650,false,-1.52
"VCI",142752,"/Date(1704180469000)/",42050,44500,6734300,285258000000,-700,true,-1.64
"VCI",142752,"/Date(1704180469000)/",42050,100,6689800,283387000000,-700,true,-1.64
"VCI",142752,"/Date(1704180469000)/",42050,500,6689700,283383000000,-700,true,-1.64
"VCI",142752,"/Date(1704180469000)/",42050,100,6689200,283362000000,-700,true,-1.64
"VCI",142752,"/Date(1704180469000)/",42050,500,6689100,283357000000,-700,true,-1.64
"VCI",142752,"/Date(1704180469000)/",42050,500,6688600,283336000000,-700,true,-1.64
"VCI",142752,"/Date(1704180469000)/",42050,2000,6688100,283315000000,-700,true,-1.64
"VCI",142752,"/Date(1704180469000)/",42050,300,6686100,283231000000,-700,true,-1.64
"VCI",142752,"/Date(1704180469000)/",42050,100,6685800,283219000000,-700,true,-1.64
"VCI",142752,"/Date(1704180469000)/",42050,100,6685700,283214000000,-700,true,-1.64
"VCI",142752,"/Date(1704180469000)/",42050,800,6685600,283210000000,-700,true,-1.64
"VCI",142752,"/Date(1704180469000)/",42050,200,6684800,283176000000,-700,true,-1.64
"VCI",142752,"/Date(1704180469000)/",42050,200,6684600,283168000000,-700,true,-1.64
"VCI",142752,"/Date(1704180469000)/",42050,2000,6684400,283160000000,-700,true,-1.64
"VCI",142752,"/Date(1704180469000)/",42050,300,6682400,283076000000,-700,true,-1.64
"VCI",142752,"/Date(1704180469000)/",42050,100,6682100,283063000000,-700,true,-1.64
"VCI",142752,"/Date(1704180469000)/",42050,1000,6682000,283059000000,-700,true,-1.64
"VCI",142752,"/Date(1704180469000)/",42050,500,6681000,283017000000,-700,true,-1.64
"VCI",142752,"/Date(1704180469000)/",42050,3100,6680500,282996000000,-700,true,-1.64
"VCI",142752,"/Date(1704180469000)/",42050,1000,6677400,282865000000,-700,true,-1.64
"VCI",142752,"/Date(1704180469000)/",42050,100,6676400,282823000000,-700,true,-1.64
"VCI",142752,"/Date(1704180469000)/",42050,100,6676300,282819000000,-700,true,-1.64
"VCI",142752,"/Date(1704180469000)/",42050,3000,6676200,282815000000,-700,true,-1.64
"VCI",142752,"/Date(1704180469000)/",42050,2000,6673200,282689000000,-700,true,-1.64
"VCI",142752,"/Date(1704180469000)/",42050,200,6671200,282605000000,-700,true,-1.64
"VCI",142752,"/Date(1704180469000)/",42050,100,6671000,282596000000,-700,true,-1.64
"VCI",142752,"/Date(1704180469000)/",42050,500,6670900,282592000000,-700,true,-1.64
"VCI",142752,"/Date(1704180469000)/",42050,5000,6670400,282571000000,-700,true,-1.64
"VCI",142752,"/Date(1704180469000)/",42050,1000,6665400,282361000000,-700,true,-1.64
"VCI",142752,"/Date(1704180469000)/",42050,200,6664400,282319000000,-700,true,-1.64
"VCI",142752,"/Date(1704180469000)/",42050,2200,6664200,282310000000,-700,true,-1.64
"VCI",142752,"/Date(1704180469000)/",42050,100,6662000,282218000000,-700,true,-1.64
"VCI",142752,"/Date(1704180469000)/",42050,100,6661900,282214000000,-700,true,-1.64
"VCI",142752,"/Date(1704180469000)/",42050,2000,6661800,282209000000,-700,true,-1.64
"VCI",142752,"/Date(1704180469000)/",42050,1000,6659800,282125000000,-700,true,-1.64
"VCI",142752,"/Date(1704180469000)/",42050,600,6658800,282083000000,-700,true,-1.64
"VCI",142752,"/Date(1704180469000)/",42100,3000,6658200,282058000000,-650,false,-1.52
"VCI",142752,"/Date(1704180469000)/",42100,500,6655200,281932000000,-650,false,-1.52
"VCI",142752,"/Date(1704180469000)/",42100,100,6654700,281911000000,-650,false,-1.52
"VCI",142752,"/Date(1704180469000)/",42100,300,6654600,281906000000,-650,false,-1.52
"VCI",142752,"/Date(1704180468000)/",42100,500,6654300,281894000000,-650,false,-1.52
"VCI",142748,"/Date(1704180467000)/",42100,200,6653800,281873000000,-650,true,-1.52
"VCI",142748,"/Date(1704180466000)/",42100,300,6653600,281864000000,-650,true,-1.52
"VCI",142748,"/Date(1704180465000)/",42100,100,6653300,281852000000,-650,true,-1.52
"VCI",142748,"/Date(1704180465000)/",42100,200,6653200,281847000000,-650,true,-1.52
"VCI",142745,"/Date(1704180464000)/",42100,200,6653000,281839000000,-650,false,-1.52
"VCI",142745,"/Date(1704180463000)/",42100,200,6652800,281831000000,-650,false,-1.52
"VCI",142745,"/Date(1704180463000)/",42100,300,6652600,281822000000,-650,false,-1.52
"VCI",142745,"/Date(1704180462000)/",42100,700,6652300,281810000000,-650,false,-1.52
"VCI",142745,"/Date(1704180462000)/",42100,300,6651600,281780000000,-650,false,-1.52
"VCI",142745,"/Date(1704180462000)/",42100,2000,6651300,281767000000,-650,false,-1.52
"VCI",142745,"/Date(1704180462000)/",42100,200,6649300,281683000000,-650,false,-1.52
"VCI",142745,"/Date(1704180462000)/",42100,1800,6649100,281675000000,-650,false,-1.52
"VCI",142742,"/Date(1704180461000)/",42100,5000,6647300,281599000000,-650,false,-1.52
"VCI",142742,"/Date(1704180460000)/",42100,1000,6642300,281389000000,-650,false,-1.52
"VCI",142739,"/Date(1704180458000)/",42100,1000,6641300,281346000000,-650,false,-1.52
"VCI",142739,"/Date(1704180458000)/",42100,3000,6640300,281304000000,-650,false,-1.52
"VCI",142736,"/Date(1704180454000)/",42100,3000,6637300,281178000000,-650,false,-1.52
"VCI",142736,"/Date(1704180453000)/",42050,2000,6634300,281052000000,-700,true,-1.64
"VCI",142732,"/Date(1704180451000)/",42100,3000,6632300,280968000000,-650,false,-1.52
"VCI",142732,"/Date(1704180449000)/",42100,300,6629300,280841000000,-650,false,-1.52
"VCI",142729,"/Date(1704180447000)/",42100,100,6629000,280829000000,-650,false,-1.52
"VCI",142726,"/Date(1704180445000)/",42050,400,6628900,280825000000,-700,true,-1.64
"VCI",142726,"/Date(1704180445000)/",42050,1000,6628500,280808000000,-700,true,-1.64
"VCI",142726,"/Date(1704180445000)/",42050,2000,6627500,280766000000,-700,true,-1.64
"VCI",142726,"/Date(1704180445000)/",42050,200,6625500,280682000000,-700,true,-1.64
"VCI",142726,"/Date(1704180445000)/",42050,100,6625300,280673000000,-700,true,-1.64
"VCI",142726,"/Date(1704180445000)/",42050,1000,6625200,280669000000,-700,true,-1.64
"VCI",142726,"/Date(1704180445000)/",42050,300,6624200,280627000000,-700,true,-1.64
"VCI",142726,"/Date(1704180444000)/",42100,600,6623900,280614000000,-650,false,-1.52
"VCI",142726,"/Date(1704180442000)/",42100,100,6623300,280589000000,-650,false,-1.52
"VCI",142716,"/Date(1704180435000)/",42100,5000,6623200,280585000000,-650,false,-1.52
"VCI",142716,"/Date(1704180434000)/",42050,500,6618200,280374000000,-700,true,-1.64
"VCI",142716,"/Date(1704180433000)/",42100,200,6617700,280353000000,-650,false,-1.52
"VCI",142713,"/Date(1704180431000)/",42100,100,6617500,280345000000,-650,false,-1.52
"VCI",142713,"/Date(1704180431000)/",42050,2000,6617400,280341000000,-700,true,-1.64
"VCI",142700,"/Date(1704180419000)/",42100,100,6615400,280257000000,-650,true,-1.52
"VCI",142654,"/Date(1704180411000)/",42050,200,6615300,280252000000,-700,true,-1.64
"VCI",142654,"/Date(1704180411000)/",42050,100,6615100,280244000000,-700,true,-1.64
"VCI",142654,"/Date(1704180411000)/",42050,2400,6615000,280240000000,-700,true,-1.64
"VCI",142654,"/Date(1704180411000)/",42050,700,6612600,280139000000,-700,true,-1.64
"VCI",142654,"/Date(1704180411000)/",42050,1600,6611900,280109000000,-700,true,-1.64
"VCI",142651,"/Date(1704180409000)/",42050,1400,6610300,280042000000,-700,true,-1.64
"VCI",142651,"/Date(1704180409000)/",42050,100,6608900,279983000000,-700,true,-1.64
"VCI",142651,"/Date(1704180409000)/",42050,300,6608800,279979000000,-700,true,-1.64
"VCI",142651,"/Date(1704180409000)/",42050,200,6608500,279966000000,-700,true,-1.64
"VCI",142651,"/Date(1704180409000)/",42050,200,6608300,279958000000,-700,true,-1.64
"VCI",142651,"/Date(1704180409000)/",42050,500,6608100,279950000000,-700,true,-1.64
"VCI",142651,"/Date(1704180409000)/",42050,1400,6607600,279929000000,-700,true,-1.64
"VCI",142651,"/Date(1704180409000)/",42050,100,6606200,279870000000,-700,true,-1.64
"VCI",142651,"/Date(1704180409000)/",42050,100,6606100,279865000000,-700,true,-1.64
"VCI",142651,"/Date(1704180409000)/",42050,5000,6606000,279861000000,-700,true,-1.64
"VCI",142651,"/Date(1704180409000)/",42050,5000,6601000,279651000000,-700,true,-1.64
"VCI",142651,"/Date(1704180409000)/",42050,500,6596000,279441000000,-700,true,-1.64
"VCI",142651,"/Date(1704180409000)/",42100,200,6595500,279420000000,-650,false,-1.52
"VCI",142651,"/Date(1704180409000)/",42100,400,6595300,279411000000,-650,false,-1.52
"VCI",142651,"/Date(1704180409000)/",42100,100,6594900,279394000000,-650,false,-1.52
"VCI",142651,"/Date(1704180409000)/",42100,10000,6594800,279390000000,-650,false,-1.52
"VCI",142651,"/Date(1704180409000)/",42100,100,6584800,278969000000,-650,false,-1.52
"VCI",142651,"/Date(1704180409000)/",42100,200,6584700,278965000000,-650,false,-1.52
"VCI",142651,"/Date(1704180409000)/",42100,500,6584500,278957000000,-650,false,-1.52
"VCI",142651,"/Date(1704180409000)/",42100,100,6584000,278936000000,-650,false,-1.52
"VCI",142651,"/Date(1704180409000)/",42100,1800,6583900,278931000000,-650,false,-1.52
"VCI",142651,"/Date(1704180409000)/",42100,100,6582100,278856000000,-650,false,-1.52
"VCI",142651,"/Date(1704180409000)/",42100,7000,6582000,278851000000,-650,false,-1.52
"VCI",142651,"/Date(1704180409000)/",42100,3000,6575000,278557000000,-650,false,-1.52
"VCI",142651,"/Date(1704180409000)/",42100,500,6572000,278430000000,-650,false,-1.52
"VCI",142651,"/Date(1704180409000)/",42100,1000,6571500,278409000000,-650,false,-1.52
"VCI",142651,"/Date(1704180409000)/",42100,300,6570500,278367000000,-650,false,-1.52
"VCI",142651,"/Date(1704180409000)/",42100,2000,6570200,278355000000,-650,false,-1.52
"VCI",142651,"/Date(1704180409000)/",42100,500,6568200,278270000000,-650,false,-1.52
"VCI",142651,"/Date(1704180409000)/",42100,1000,6567700,278249000000,-650,false,-1.52
"VCI",142651,"/Date(1704180409000)/",42100,3000,6566700,278207000000,-650,false,-1.52
"VCI",142651,"/Date(1704180409000)/",42100,1200,6563700,278081000000,-650,false,-1.52
"VCI",142651,"/Date(1704180409000)/",42100,500,6562500,278030000000,-650,false,-1.52
"VCI",142651,"/Date(1704180409000)/",42100,300,6562000,278009000000,-650,false,-1.52
"VCI",142651,"/Date(1704180409000)/",42100,2000,6561700,277997000000,-650,false,-1.52
"VCI",142651,"/Date(1704180409000)/",42100,5000,6559700,277913000000,-650,false,-1.52
"VCI",142651,"/Date(1704180409000)/",42100,100,6554700,277702000000,-650,false,-1.52
"VCI",142651,"/Date(1704180409000)/",42100,100,6554600,277698000000,-650,false,-1.52
"VCI",142651,"/Date(1704180409000)/",42100,900,6554500,277694000000,-650,false,-1.52
"VCI",142651,"/Date(1704180409000)/",42100,10000,6553600,277656000000,-650,false,-1.52
"VCI",142651,"/Date(1704180409000)/",42100,1000,6543600,277235000000,-650,false,-1.52
"VCI",142651,"/Date(1704180409000)/",42100,300,6542600,277193000000,-650,false,-1.52
"VCI",142651,"/Date(1704180409000)/",42100,100,6542300,277180000000,-650,false,-1.52
"VCI",142651,"/Date(1704180409000)/",42100,100,6542200,277176000000,-650,false,-1.52
"VCI",142651,"/Date(1704180409000)/",42100,1400,6542100,277172000000,-650,false,-1.52
"VCI",142651,"/Date(1704180409000)/",42100,1000,6540700,277113000000,-650,false,-1.52
"VCI",142651,"/Date(1704180409000)/",42100,5000,6539700,277071000000,-650,false,-1.52
"VCI",142651,"/Date(1704180409000)/",42100,300,6534700,276860000000,-650,false,-1.52
"VCI",142651,"/Date(1704180409000)/",42100,500,6534400,276847000000,-650,false,-1.52
"VCI",142651,"/Date(1704180409000)/",42100,200,6533900,276826000000,-650,false,-1.52
"VCI",142651,"/Date(1704180409000)/",42100,1000,6533700,276818000000,-650,false,-1.52
"VCI",142651,"/Date(1704180409000)/",42100,200,6532700,276776000000,-650,false,-1.52
"VCI",142651,"/Date(1704180409000)/",42100,500,6532500,276767000000,-650,false,-1.52
"VCI",142651,"/Date(1704180409000)/",42100,2000,6532000,276746000000,-650,false,-1.52
"VCI",142651,"/Date(1704180409000)/",42100,2500,6530000,276662000000,-650,false,-1.52
"VCI",142651,"/Date(1704180409000)/",42100,100,6527500,276557000000,-650,false,-1.52
"VCI",142651,"/Date(1704180409000)/",42100,17100,6527400,276553000000,-650,false,-1.52
"VCI",142647,"/Date(1704180406000)/",42100,900,6510300,275833000000,-650,true,-1.52
"VCI",142647,"/Date(1704180406000)/",42100,100,6509400,275795000000,-650,true,-1.52
"VCI",142644,"/Date(1704180403000)/",42150,3400,6509300,275791000000,-600,true,-1.4
"VCI",142644,"/Date(1704180403000)/",42150,300,6505900,275647000000,-600,true,-1.4
"VCI",142644,"/Date(1704180403000)/",42150,100,6505600,275635000000,-600,true,-1.4
"VCI",142644,"/Date(1704180403000)/",42150,900,6505500,275631000000,-600,true,-1.4
"VCI",142644,"/Date(1704180401000)/",42150,1600,6504600,275593000000,-600,true,-1.4
"VCI",142641,"/Date(1704180398000)/",42100,400,6503000,275525000000,-650,true,-1.52
"VCI",142641,"/Date(1704180398000)/",42100,500,6502600,275508000000,-650,true,-1.52
"VCI",142641,"/Date(1704180398000)/",42100,1000,6502100,275487000000,-650,true,-1.52
"VCI",142641,"/Date(1704180398000)/",42100,100,6501100,275445000000,-650,true,-1.52
"VCI",142641,"/Date(1704180398000)/",42100,1000,6501000,275441000000,-650,true,-1.52
"VCI",142641,"/Date(1704180398000)/",42100,300,6500000,275399000000,-650,true,-1.52
"VCI",142641,"/Date(1704180398000)/",42100,1000,6499700,275386000000,-650,true,-1.52
"VCI",142641,"/Date(1704180398000)/",42100,200,6498700,275344000000,-650,true,-1.52
"VCI",142641,"/Date(1704180398000)/",42100,1000,6498500,275336000000,-650,true,-1.52
"VCI",142641,"/Date(1704180398000)/",42100,500,6497500,275294000000,-650,true,-1.52
"VCI",142641,"/Date(1704180398000)/",42100,2000,6497000,275273000000,-650,true,-1.52
"VCI",142641,"/Date(1704180398000)/",42100,100,6495000,275188000000,-650,true,-1.52
"VCI",142641,"/Date(1704180398000)/",42100,200,6494900,275184000000,-650,true,-1.52
"VCI",142641,"/Date(1704180398000)/",42100,100,6494700,275176000000,-650,true,-1.52
"VCI",142641,"/Date(1704180398000)/",42100,100,6494600,275172000000,-650,true,-1.52
"VCI",142641,"/Date(1704180398000)/",42100,1000,6494500,275167000000,-650,true,-1.52
"VCI",142641,"/Date(1704180398000)/",42100,800,6493500,275125000000,-650,true,-1.52
"VCI",142638,"/Date(1704180395000)/",42150,1400,6492700,275092000000,-600,false,-1.4
"VCI",142638,"/Date(1704180395000)/",42150,600,6491300,275033000000,-600,false,-1.4
"VCI",142635,"/Date(1704180394000)/",42100,200,6490700,275007000000,-650,true,-1.52
"VCI",142635,"/Date(1704180394000)/",42100,200,6490500,274999000000,-650,true,-1.52
"VCI",142635,"/Date(1704180393000)/",42100,300,6490300,274990000000,-650,true,-1.52
"VCI",142635,"/Date(1704180391000)/",42150,1000,6490000,274978000000,-600,false,-1.4
"VCI",142631,"/Date(1704180390000)/",42150,200,6489000,274936000000,-600,false,-1.4
"VCI",142628,"/Date(1704180387000)/",42150,1200,6488800,274927000000,-600,false,-1.4
"VCI",142628,"/Date(1704180387000)/",42150,3800,6487600,274877000000,-600,false,-1.4
"VCI",142628,"/Date(1704180387000)/",42150,100,6483800,274716000000,-600,false,-1.4
"VCI",142628,"/Date(1704180385000)/",42150,1100,6483700,274712000000,-600,false,-1.4
"VCI",142628,"/Date(1704180385000)/",42150,200,6482600,274666000000,-600,false,-1.4
"VCI",142628,"/Date(1704180385000)/",42150,700,6482400,274657000000,-600,false,-1.4
"VCI",142622,"/Date(1704180379000)/",42150,200,6481700,274628000000,-600,false,-1.4
"VCI",142619,"/Date(1704180376000)/",42150,4000,6481500,274620000000,-600,false,-1.4
"VCI",142619,"/Date(1704180376000)/",42150,100,6477500,274451000000,-600,false,-1.4
"VCI",142615,"/Date(1704180373000)/",42150,2000,6477400,274447000000,-600,true,-1.4
"VCI",142615,"/Date(1704180372000)/",42200,5000,6475400,274362000000,-550,false,-1.29
"VCI",142612,"/Date(1704180369000)/",42150,1000,6470400,274151000000,-600,true,-1.4
"VCI",142609,"/Date(1704180368000)/",42150,1000,6469400,274109000000,-600,true,-1.4
"VCI",142609,"/Date(1704180368000)/",42150,900,6468400,274067000000,-600,true,-1.4
"VCI",142609,"/Date(1704180368000)/",42150,600,6467500,274029000000,-600,true,-1.4
"VCI",142609,"/Date(1704180368000)/",42150,500,6466900,274004000000,-600,true,-1.4
"VCI",142609,"/Date(1704180368000)/",42150,100,6466400,273983000000,-600,true,-1.4
"VCI",142609,"/Date(1704180368000)/",42150,1400,6466300,273979000000,-600,true,-1.4
"VCI",142609,"/Date(1704180367000)/",42150,1500,6464900,273920000000,-600,true,-1.4
"VCI",142606,"/Date(1704180365000)/",42150,1300,6463400,273856000000,-600,true,-1.4
"VCI",142606,"/Date(1704180365000)/",42150,100,6462100,273802000000,-600,true,-1.4
"VCI",142606,"/Date(1704180365000)/",42150,200,6462000,273797000000,-600,true,-1.4
"VCI",142606,"/Date(1704180365000)/",42150,4500,6461800,273789000000,-600,true,-1.4
"VCI",142606,"/Date(1704180365000)/",42150,100,6457300,273599000000,-600,true,-1.4
"VCI",142606,"/Date(1704180365000)/",42150,300,6457200,273595000000,-600,true,-1.4
"VCI",142606,"/Date(1704180365000)/",42150,3500,6456900,273582000000,-600,true,-1.4
"VCI",142606,"/Date(1704180365000)/",42150,1500,6453400,273435000000,-600,true,-1.4
"VCI",142606,"/Date(1704180364000)/",42150,1000,6451900,273372000000,-600,true,-1.4
"VCI",142603,"/Date(1704180361000)/",42150,2000,6450900,273329000000,-600,true,-1.4
"VCI",142556,"/Date(1704180355000)/",42150,1000,6448900,273245000000,-600,true,-1.4
"VCI",142556,"/Date(1704180355000)/",42150,4000,6447900,273203000000,-600,true,-1.4
"VCI",142556,"/Date(1704180354000)/",42150,1000,6443900,273034000000,-600,true,-1.4
"VCI",142553,"/Date(1704180351000)/",42150,300,6442900,272992000000,-600,true,-1.4
"VCI",142553,"/Date(1704180350000)/",42150,500,6442600,272980000000,-600,true,-1.4
"VCI",142547,"/Date(1704180345000)/",42150,5200,6442100,272959000000,-600,true,-1.4
"VCI",142547,"/Date(1704180345000)/",42150,1500,6436900,272739000000,-600,true,-1.4
"VCI",142547,"/Date(1704180345000)/",42150,500,6435400,272676000000,-600,true,-1.4
"VCI",142547,"/Date(1704180345000)/",42150,200,6434900,272655000000,-600,true,-1.4
"VCI",142547,"/Date(1704180345000)/",42150,300,6434700,272647000000,-600,true,-1.4
"VCI",142547,"/Date(1704180345000)/",42150,300,6434400,272634000000,-600,true,-1.4
"VCI",142547,"/Date(1704180345000)/",42150,1000,6434100,272621000000,-600,true,-1.4
"VCI",142547,"/Date(1704180345000)/",42150,100,6433100,272579000000,-600,true,-1.4
"VCI",142547,"/Date(1704180345000)/",42150,500,6433000,272575000000,-600,true,-1.4
"VCI",142547,"/Date(1704180345000)/",42150,300,6432500,272554000000,-600,true,-1.4
"VCI",142547,"/Date(1704180345000)/",42150,1000,6432200,272541000000,-600,true,-1.4
"VCI",142547,"/Date(1704180345000)/",42150,100,6431200,272499000000,-600,true,-1.4
"VCI",142547,"/Date(1704180345000)/",42150,1000,6431100,272495000000,-600,true,-1.4
"VCI",142547,"/Date(1704180345000)/",42150,8000,6430100,272453000000,-600,true,-1.4
"VCI",142537,"/Date(1704180334000)/",42150,2000,6422100,272116000000,-600,true,-1.4
"VCI",142534,"/Date(1704180331000)/",42200,4600,6420100,272031000000,-550,false,-1.29
"VCI",142534,"/Date(1704180331000)/",42200,15000,6415500,271837000000,-550,false,-1.29
"VCI",142534,"/Date(1704180331000)/",42200,400,6400500,271204000000,-550,false,-1.29
"VCI",142528,"/Date(1704180325000)/",42200,100,6400100,271187000000,-550,true,-1.29
"VCI",142528,"/Date(1704180324000)/",42200,2800,6400000,271183000000,-550,true,-1.29
"VCI",142528,"/Date(1704180324000)/",42200,2100,6397200,271065000000,-550,true,-1.29
"VCI",142528,"/Date(1704180324000)/",42200,400,6395100,270976000000,-550,true,-1.29
"VCI",142528,"/Date(1704180324000)/",42200,2000,6394700,270959000000,-550,true,-1.29
"VCI",142528,"/Date(1704180324000)/",42200,1000,6392700,270875000000,-550,true,-1.29
"VCI",142524,"/Date(1704180322000)/",42200,1000,6391700,270833000000,-550,true,-1.29
"VCI",142521,"/Date(1704180320000)/",42200,1000,6390700,270791000000,-550,true,-1.29
"VCI",142521,"/Date(1704180320000)/",42200,1000,6389700,270748000000,-550,true,-1.29
"VCI",142521,"/Date(1704180319000)/",42200,100,6388700,270706000000,-550,true,-1.29
"VCI",142521,"/Date(1704180319000)/",42200,400,6388600,270702000000,-550,true,-1.29
"VCI",142518,"/Date(1704180317000)/",42200,1000,6388200,270685000000,-550,true,-1.29
"VCI",142518,"/Date(1704180314000)/",42200,6000,6387200,270643000000,-550,true,-1.29
"VCI",142515,"/Date(1704180313000)/",42200,2000,6381200,270390000000,-550,true,-1.29
"VCI",142515,"/Date(1704180312000)/",42200,700,6379200,270305000000,-550,true,-1.29
"VCI",142508,"/Date(1704180307000)/",42200,2000,6378500,270276000000,-550,true,-1.29
"VCI",142508,"/Date(1704180305000)/",42200,1800,6376500,270191000000,-550,true,-1.29
"VCI",142505,"/Date(1704180303000)/",42200,1000,6374700,270115000000,-550,true,-1.29
"VCI",142459,"/Date(1704180297000)/",42200,900,6373700,270073000000,-550,true,-1.29
"VCI",142459,"/Date(1704180296000)/",42200,1000,6372800,270035000000,-550,true,-1.29
"VCI",142456,"/Date(1704180293000)/",42200,2100,6371800,269993000000,-550,false,-1.29
"VCI",142446,"/Date(1704180284000)/",42200,6900,6369700,269904000000,-550,false,-1.29
"VCI",142446,"/Date(1704180284000)/",42200,5000,6362800,269613000000,-550,false,-1.29
"VCI",142446,"/Date(1704180284000)/",42200,8100,6357800,269402000000,-550,false,-1.29
"VCI",142440,"/Date(1704180279000)/",42200,1900,6349700,269060000000,-550,false,-1.29
"VCI",142440,"/Date(1704180277000)/",42200,1000,6347800,268980000000,-550,false,-1.29
"VCI",142440,"/Date(1704180277000)/",42200,3000,6346800,268938000000,-550,false,-1.29
"VCI",142440,"/Date(1704180277000)/",42200,4300,6343800,268811000000,-550,false,-1.29
"VCI",142440,"/Date(1704180277000)/",42200,9800,6339500,268630000000,-550,false,-1.29
"VCI",142440,"/Date(1704180276000)/",42150,2000,6329700,268216000000,-600,true,-1.4
"VCI",142433,"/Date(1704180272000)/",42200,200,6327700,268132000000,-550,false,-1.29
"VCI",142430,"/Date(1704180267000)/",42150,1000,6327500,268124000000,-600,true,-1.4
"VCI",142430,"/Date(1704180267000)/",42150,1500,6326500,268081000000,-600,true,-1.4
"VCI",142430,"/Date(1704180267000)/",42150,100,6325000,268018000000,-600,true,-1.4
"VCI",142430,"/Date(1704180267000)/",42150,2000,6324900,268014000000,-600,true,-1.4
"VCI",142430,"/Date(1704180267000)/",42150,200,6322900,267930000000,-600,true,-1.4
"VCI",142430,"/Date(1704180267000)/",42150,1000,6322700,267921000000,-600,true,-1.4
"VCI",142430,"/Date(1704180267000)/",42200,200,6321700,267879000000,-550,true,-1.29
"VCI",142427,"/Date(1704180264000)/",42200,100,6321500,267871000000,-550,true,-1.29
"VCI",142427,"/Date(1704180264000)/",42200,300,6321400,267866000000,-550,true,-1.29
"VCI",142427,"/Date(1704180264000)/",42200,7000,6321100,267854000000,-550,true,-1.29
"VCI",142427,"/Date(1704180264000)/",42200,3600,6314100,267558000000,-550,true,-1.29
"VCI",142420,"/Date(1704180259000)/",42250,100,6310500,267407000000,-500,true,-1.17
"VCI",142420,"/Date(1704180259000)/",42250,100,6310400,267402000000,-500,true,-1.17
"VCI",142414,"/Date(1704180253000)/",42250,500,6310300,267398000000,-500,true,-1.17
"VCI",142414,"/Date(1704180252000)/",42250,200,6309800,267377000000,-500,true,-1.17
"VCI",142414,"/Date(1704180251000)/",42250,5000,6309600,267368000000,-500,true,-1.17
"VCI",142414,"/Date(1704180250000)/",42250,300,6304600,267157000000,-500,true,-1.17
"VCI",142404,"/Date(1704180243000)/",42250,1000,6304300,267145000000,-500,false,-1.17
"VCI",142401,"/Date(1704180239000)/",42200,6400,6303300,267102000000,-550,true,-1.29
"VCI",142401,"/Date(1704180239000)/",42200,5000,6296900,266832000000,-550,true,-1.29
"VCI",142401,"/Date(1704180239000)/",42200,8600,6291900,266621000000,-550,true,-1.29
"VCI",142358,"/Date(1704180237000)/",42250,1000,6283300,266258000000,-500,true,-1.17
"VCI",142355,"/Date(1704180234000)/",42250,2000,6282300,266216000000,-500,false,-1.17
"VCI",142348,"/Date(1704180225000)/",42300,900,6280300,266132000000,-450,false,-1.05
"VCI",142348,"/Date(1704180225000)/",42300,1600,6279400,266093000000,-450,false,-1.05
"VCI",142348,"/Date(1704180225000)/",42300,2000,6277800,266026000000,-450,false,-1.05
"VCI",142348,"/Date(1704180225000)/",42300,1200,6275800,265941000000,-450,false,-1.05
"VCI",142348,"/Date(1704180225000)/",42300,10000,6274600,265890000000,-450,false,-1.05
"VCI",142348,"/Date(1704180225000)/",42250,1800,6264600,265467000000,-500,false,-1.17
"VCI",142348,"/Date(1704180225000)/",42250,1000,6262800,265391000000,-500,false,-1.17
"VCI",142348,"/Date(1704180225000)/",42250,1500,6261800,265349000000,-500,false,-1.17
"VCI",142348,"/Date(1704180225000)/",42250,1000,6260300,265286000000,-500,false,-1.17
"VCI",142345,"/Date(1704180221000)/",42200,2400,6259300,265244000000,-550,true,-1.29
"VCI",142342,"/Date(1704180219000)/",42250,300,6256900,265142000000,-500,false,-1.17
"VCI",142342,"/Date(1704180219000)/",42200,800,6256600,265130000000,-550,true,-1.29
"VCI",142339,"/Date(1704180216000)/",42200,500,6255800,265096000000,-550,true,-1.29
"VCI",142332,"/Date(1704180209000)/",42200,10000,6255300,265075000000,-550,true,-1.29
"VCI",142323,"/Date(1704180201000)/",42200,1000,6245300,264653000000,-550,true,-1.29
"VCI",142323,"/Date(1704180200000)/",42250,200,6244300,264611000000,-500,false,-1.17
"VCI",142323,"/Date(1704180200000)/",42250,1200,6244100,264602000000,-500,false,-1.17
"VCI",142323,"/Date(1704180200000)/",42250,2600,6242900,264551000000,-500,false,-1.17
"VCI",142323,"/Date(1704180200000)/",42200,3000,6240300,264442000000,-550,true,-1.29
"VCI",142313,"/Date(1704180192000)/",42200,3700,6237300,264315000000,-550,false,-1.29
"VCI",142310,"/Date(1704180188000)/",42200,1300,6233600,264159000000,-550,true,-1.29
"VCI",142310,"/Date(1704180187000)/",42200,300,6232300,264104000000,-550,true,-1.29
"VCI",142310,"/Date(1704180187000)/",42200,1400,6232000,264091000000,-550,true,-1.29
"VCI",142310,"/Date(1704180187000)/",42200,3600,6230600,264032000000,-550,true,-1.29
"VCI",142304,"/Date(1704180180000)/",42200,1000,6227000,263880000000,-550,true,-1.29
"VCI",142300,"/Date(1704180179000)/",42250,4400,6226000,263838000000,-500,false,-1.17
"VCI",142300,"/Date(1704180179000)/",42250,600,6221600,263652000000,-500,false,-1.17
"VCI",142300,"/Date(1704180179000)/",42250,10000,6221000,263627000000,-500,false,-1.17
"VCI",142300,"/Date(1704180179000)/",42250,600,6211000,263204000000,-500,false,-1.17
"VCI",142300,"/Date(1704180179000)/",42250,4400,6210400,263179000000,-500,false,-1.17
"VCI",142300,"/Date(1704180179000)/",42250,100,6206000,262993000000,-500,false,-1.17
"VCI",142254,"/Date(1704180172000)/",42200,400,6205900,262989000000,-550,true,-1.29
"VCI",142254,"/Date(1704180171000)/",42200,200,6205500,262972000000,-550,true,-1.29
"VCI",142251,"/Date(1704180169000)/",42200,1500,6205300,262964000000,-550,true,-1.29
"VCI",142251,"/Date(1704180169000)/",42200,300,6203800,262900000000,-550,true,-1.29
"VCI",142251,"/Date(1704180169000)/",42200,1000,6203500,262888000000,-550,true,-1.29
"VCI",142251,"/Date(1704180169000)/",42200,100,6202500,262845000000,-550,true,-1.29
"VCI",142251,"/Date(1704180169000)/",42200,2100,6202400,262841000000,-550,true,-1.29
"VCI",142244,"/Date(1704180162000)/",42200,1000,6200300,262753000000,-550,true,-1.29
"VCI",142231,"/Date(1704180148000)/",42200,1900,6199300,262710000000,-550,false,-1.29
"VCI",142228,"/Date(1704180144000)/",42200,1000,6197400,262630000000,-550,false,-1.29
"VCI",142222,"/Date(1704180140000)/",42200,100,6196400,262588000000,-550,false,-1.29
"VCI",142219,"/Date(1704180137000)/",42250,24800,6196300,262584000000,-500,false,-1.17
"VCI",142219,"/Date(1704180137000)/",42200,300,6171500,261536000000,-550,false,-1.29
"VCI",142219,"/Date(1704180137000)/",42200,3900,6171200,261523000000,-550,false,-1.29
"VCI",142219,"/Date(1704180137000)/",42200,800,6167300,261359000000,-550,false,-1.29
"VCI",142219,"/Date(1704180137000)/",42200,200,6166500,261325000000,-550,false,-1.29
"VCI",142215,"/Date(1704180132000)/",42200,800,6166300,261316000000,-550,false,-1.29
"VCI",142215,"/Date(1704180132000)/",42200,1300,6165500,261283000000,-550,false,-1.29
"VCI",142212,"/Date(1704180132000)/",42150,1300,6164200,261228000000,-600,true,-1.4
"VCI",142209,"/Date(1704180128000)/",42200,700,6162900,261173000000,-550,false,-1.29
"VCI",142209,"/Date(1704180128000)/",42200,19300,6162200,261144000000,-550,false,-1.29
"VCI",142206,"/Date(1704180122000)/",42150,1000,6142900,260329000000,-600,true,-1.4
"VCI",142159,"/Date(1704180117000)/",42200,15000,6141900,260287000000,-550,false,-1.29
"VCI",142150,"/Date(1704180107000)/",42150,6700,6126900,259654000000,-600,true,-1.4
"VCI",142150,"/Date(1704180107000)/",42150,10000,6120200,259372000000,-600,true,-1.4
"VCI",142150,"/Date(1704180107000)/",42150,1000,6110200,258950000000,-600,true,-1.4
"VCI",142150,"/Date(1704180107000)/",42150,500,6109200,258908000000,-600,true,-1.4
"VCI",142150,"/Date(1704180107000)/",42150,3800,6108700,258887000000,-600,true,-1.4
"VCI",142146,"/Date(1704180103000)/",42150,100,6104900,258727000000,-600,true,-1.4
"VCI",142143,"/Date(1704180101000)/",42150,300,6104800,258722000000,-600,true,-1.4
"VCI",142140,"/Date(1704180099000)/",42200,400,6104500,258710000000,-550,false,-1.29
"VCI",142137,"/Date(1704180095000)/",42150,300,6104100,258693000000,-600,true,-1.4
"VCI",142130,"/Date(1704180083000)/",42150,5500,6103800,258680000000,-600,true,-1.4
"VCI",142130,"/Date(1704180083000)/",42150,200,6098300,258448000000,-600,true,-1.4
"VCI",142130,"/Date(1704180083000)/",42150,400,6098100,258440000000,-600,true,-1.4
"VCI",142130,"/Date(1704180083000)/",42150,3900,6097700,258423000000,-600,true,-1.4
"VCI",142130,"/Date(1704180080000)/",42200,100,6093800,258259000000,-550,false,-1.29
"VCI",142130,"/Date(1704180080000)/",42200,5000,6093700,258255000000,-550,false,-1.29
"VCI",142130,"/Date(1704180080000)/",42200,1900,6088700,258044000000,-550,false,-1.29
"VCI",142118,"/Date(1704180074000)/",42150,1700,6086800,257963000000,-600,true,-1.4
"VCI",142111,"/Date(1704180068000)/",42200,100,6085100,257892000000,-550,true,-1.29
"VCI",142111,"/Date(1704180068000)/",42200,4100,6085000,257887000000,-550,true,-1.29
"VCI",142105,"/Date(1704180064000)/",42200,900,6080900,257714000000,-550,false,-1.29
"VCI",142102,"/Date(1704180060000)/",42200,100,6080000,257676000000,-550,false,-1.29
"VCI",142102,"/Date(1704180059000)/",42200,100,6079900,257672000000,-550,false,-1.29
"VCI",142102,"/Date(1704180059000)/",42200,500,6079800,257668000000,-550,false,-1.29
"VCI",142102,"/Date(1704180059000)/",42200,100,6079300,257647000000,-550,false,-1.29
"VCI",142102,"/Date(1704180059000)/",42200,3000,6079200,257643000000,-550,false,-1.29
"VCI",142102,"/Date(1704180059000)/",42200,200,6076200,257516000000,-550,false,-1.29
"VCI",142055,"/Date(1704180052000)/",42200,300,6076000,257508000000,-550,false,-1.29
"VCI",142055,"/Date(1704180052000)/",42200,500,6075700,257495000000,-550,false,-1.29
"VCI",142055,"/Date(1704180052000)/",42200,1500,6075200,257474000000,-550,false,-1.29
"VCI",142055,"/Date(1704180052000)/",42200,2700,6073700,257411000000,-550,false,-1.29
"VCI",142046,"/Date(1704180042000)/",42200,1900,6071000,257297000000,-550,false,-1.29
"VCI",142039,"/Date(1704180036000)/",42200,100,6069100,257216000000,-550,false,-1.29
"VCI",142036,"/Date(1704180033000)/",42200,100,6069000,257212000000,-550,false,-1.29
"VCI",142026,"/Date(1704180024000)/",42150,100,6068900,257208000000,-600,true,-1.4
"VCI",142013,"/Date(1704180011000)/",42150,700,6068800,257204000000,-600,true,-1.4
"VCI",142010,"/Date(1704180006000)/",42200,100,6068100,257174000000,-550,false,-1.29
"VCI",142007,"/Date(1704180003000)/",42200,100,6068000,257170000000,-550,false,-1.29
"VCI",141954,"/Date(1704179991000)/",42150,300,6067900,257166000000,-600,true,-1.4
"VCI",141938,"/Date(1704179977000)/",42150,3300,6067600,257153000000,-600,true,-1.4
"VCI",141938,"/Date(1704179977000)/",42150,1000,6064300,257014000000,-600,true,-1.4
"VCI",141938,"/Date(1704179977000)/",42150,400,6063300,256972000000,-600,true,-1.4
"VCI",141938,"/Date(1704179977000)/",42150,1000,6062900,256955000000,-600,true,-1.4
"VCI",141938,"/Date(1704179977000)/",42150,100,6061900,256913000000,-600,true,-1.4
"VCI",141938,"/Date(1704179977000)/",42150,1000,6061800,256909000000,-600,true,-1.4
"VCI",141938,"/Date(1704179977000)/",42150,5000,6060800,256867000000,-600,true,-1.4
"VCI",141938,"/Date(1704179977000)/",42150,1000,6055800,256656000000,-600,true,-1.4
"VCI",141938,"/Date(1704179977000)/",42150,500,6054800,256614000000,-600,true,-1.4
"VCI",141938,"/Date(1704179977000)/",42150,300,6054300,256593000000,-600,true,-1.4
"VCI",141938,"/Date(1704179977000)/",42150,100,6054000,256580000000,-600,true,-1.4
"VCI",141938,"/Date(1704179977000)/",42150,500,6053900,256576000000,-600,true,-1.4
"VCI",141938,"/Date(1704179977000)/",42150,500,6053400,256555000000,-600,true,-1.4
"VCI",141938,"/Date(1704179977000)/",42150,1000,6052900,256534000000,-600,true,-1.4
"VCI",141938,"/Date(1704179977000)/",42150,200,6051900,256491000000,-600,true,-1.4
"VCI",141938,"/Date(1704179977000)/",42150,100,6051700,256483000000,-600,true,-1.4
"VCI",141938,"/Date(1704179977000)/",42150,500,6051600,256479000000,-600,true,-1.4
"VCI",141938,"/Date(1704179977000)/",42150,100,6051100,256458000000,-600,true,-1.4
"VCI",141938,"/Date(1704179977000)/",42150,300,6051000,256454000000,-600,true,-1.4
"VCI",141938,"/Date(1704179977000)/",42150,200,6050700,256441000000,-600,true,-1.4
"VCI",141938,"/Date(1704179977000)/",42150,500,6050500,256432000000,-600,true,-1.4
"VCI",141938,"/Date(1704179977000)/",42150,1000,6050000,256411000000,-600,true,-1.4
"VCI",141938,"/Date(1704179977000)/",42150,100,6049000,256369000000,-600,true,-1.4
"VCI",141938,"/Date(1704179977000)/",42150,10000,6048900,256365000000,-600,true,-1.4
"VCI",141938,"/Date(1704179977000)/",42150,1000,6038900,255944000000,-600,true,-1.4
"VCI",141938,"/Date(1704179977000)/",42150,1000,6037900,255901000000,-600,true,-1.4
"VCI",141938,"/Date(1704179977000)/",42150,300,6036900,255859000000,-600,true,-1.4
"VCI",141938,"/Date(1704179977000)/",42150,500,6036600,255847000000,-600,true,-1.4
"VCI",141938,"/Date(1704179977000)/",42150,100,6036100,255825000000,-600,true,-1.4
"VCI",141938,"/Date(1704179977000)/",42150,2000,6036000,255821000000,-600,true,-1.4
"VCI",141938,"/Date(1704179977000)/",42150,6000,6034000,255737000000,-600,true,-1.4
"VCI",141938,"/Date(1704179977000)/",42150,100,6028000,255484000000,-600,true,-1.4
"VCI",141938,"/Date(1704179977000)/",42150,2500,6027900,255480000000,-600,true,-1.4
"VCI",141938,"/Date(1704179977000)/",42150,500,6025400,255374000000,-600,true,-1.4
"VCI",141938,"/Date(1704179977000)/",42150,1000,6024900,255353000000,-600,true,-1.4
"VCI",141938,"/Date(1704179977000)/",42150,1000,6023900,255311000000,-600,true,-1.4
"VCI",141938,"/Date(1704179977000)/",42150,1000,6022900,255269000000,-600,true,-1.4
"VCI",141938,"/Date(1704179977000)/",42150,500,6021900,255227000000,-600,true,-1.4
"VCI",141938,"/Date(1704179977000)/",42200,100,6021400,255206000000,-550,false,-1.29
"VCI",141938,"/Date(1704179977000)/",42200,3700,6021300,255202000000,-550,false,-1.29
"VCI",141932,"/Date(1704179970000)/",42200,300,6017600,255046000000,-550,true,-1.29
"VCI",141932,"/Date(1704179969000)/",42250,200,6017300,255033000000,-500,false,-1.17
"VCI",141929,"/Date(1704179967000)/",42200,1000,6017100,255024000000,-550,false,-1.29
"VCI",141929,"/Date(1704179966000)/",42200,100,6016100,254982000000,-550,false,-1.29
"VCI",141922,"/Date(1704179959000)/",42200,100,6016000,254978000000,-550,false,-1.29
"VCI",141906,"/Date(1704179944000)/",42200,100,6015900,254974000000,-550,false,-1.29
"VCI",141900,"/Date(1704179939000)/",42150,1000,6015800,254970000000,-600,true,-1.4
"VCI",141900,"/Date(1704179939000)/",42150,100,6014800,254927000000,-600,true,-1.4
"VCI",141900,"/Date(1704179939000)/",42150,100,6014700,254923000000,-600,true,-1.4
"VCI",141900,"/Date(1704179939000)/",42150,300,6014600,254919000000,-600,true,-1.4
"VCI",141900,"/Date(1704179937000)/",42200,900,6014300,254906000000,-550,false,-1.29
"VCI",141900,"/Date(1704179937000)/",42200,1100,6013400,254868000000,-550,false,-1.29
"VCI",141900,"/Date(1704179937000)/",42200,1000,6012300,254822000000,-550,false,-1.29
"VCI",141857,"/Date(1704179933000)/",42200,300,6011300,254780000000,-550,false,-1.29
"VCI",141857,"/Date(1704179933000)/",42200,100,6011000,254767000000,-550,false,-1.29
"VCI",141857,"/Date(1704179933000)/",42200,2000,6010900,254763000000,-550,false,-1.29
"VCI",141857,"/Date(1704179933000)/",42200,500,6008900,254678000000,-550,false,-1.29
"VCI",141853,"/Date(1704179932000)/",42200,2000,6008400,254657000000,-550,true,-1.29
"VCI",141847,"/Date(1704179923000)/",42200,100,6006400,254573000000,-550,false,-1.29
"VCI",141847,"/Date(1704179923000)/",42200,2400,6006300,254569000000,-550,false,-1.29
"VCI",141837,"/Date(1704179916000)/",42200,500,6003900,254467000000,-550,true,-1.29
"VCI",141837,"/Date(1704179916000)/",42200,1900,6003400,254446000000,-550,true,-1.29
"VCI",141837,"/Date(1704179915000)/",42200,100,6001500,254366000000,-550,true,-1.29
"VCI",141837,"/Date(1704179915000)/",42200,1000,6001400,254362000000,-550,true,-1.29
"VCI",141837,"/Date(1704179915000)/",42200,1700,6000400,254320000000,-550,true,-1.29
"VCI",141837,"/Date(1704179915000)/",42200,11900,5998700,254248000000,-550,true,-1.29
"VCI",141834,"/Date(1704179912000)/",42200,5000,5986800,253746000000,-550,true,-1.29
"VCI",141831,"/Date(1704179908000)/",42200,3100,5981800,253535000000,-550,true,-1.29
"VCI",141831,"/Date(1704179908000)/",42200,1000,5978700,253404000000,-550,true,-1.29
"VCI",141831,"/Date(1704179908000)/",42200,700,5977700,253362000000,-550,true,-1.29
"VCI",141825,"/Date(1704179903000)/",42200,500,5977000,253332000000,-550,true,-1.29
"VCI",141822,"/Date(1704179900000)/",42200,6600,5976500,253311000000,-550,true,-1.29
"VCI",141815,"/Date(1704179893000)/",42200,200,5969900,253033000000,-550,true,-1.29
"VCI",141806,"/Date(1704179885000)/",42200,7000,5969700,253024000000,-550,true,-1.29
"VCI",141759,"/Date(1704179877000)/",42150,9700,5962700,252729000000,-600,true,-1.4
"VCI",141759,"/Date(1704179877000)/",42150,1000,5953000,252320000000,-600,true,-1.4
"VCI",141759,"/Date(1704179877000)/",42150,200,5952000,252278000000,-600,true,-1.4
"VCI",141759,"/Date(1704179877000)/",42150,100,5951800,252269000000,-600,true,-1.4
"VCI",141759,"/Date(1704179877000)/",42150,1000,5951700,252265000000,-600,true,-1.4
"VCI",141759,"/Date(1704179877000)/",42150,1000,5950700,252223000000,-600,true,-1.4
"VCI",141759,"/Date(1704179877000)/",42150,1000,5949700,252181000000,-600,true,-1.4
"VCI",141759,"/Date(1704179877000)/",42150,2000,5948700,252139000000,-600,true,-1.4
"VCI",141759,"/Date(1704179877000)/",42150,500,5946700,252054000000,-600,true,-1.4
"VCI",141759,"/Date(1704179877000)/",42150,500,5946200,252033000000,-600,true,-1.4
"VCI",141759,"/Date(1704179877000)/",42150,500,5945700,252012000000,-600,true,-1.4
"VCI",141759,"/Date(1704179877000)/",42150,500,5945200,251991000000,-600,true,-1.4
"VCI",141759,"/Date(1704179876000)/",42150,500,5944700,251970000000,-600,true,-1.4
"VCI",141759,"/Date(1704179876000)/",42150,100,5944200,251949000000,-600,true,-1.4
"VCI",141759,"/Date(1704179876000)/",42150,900,5944100,251945000000,-600,true,-1.4
"VCI",141759,"/Date(1704179876000)/",42200,1000,5943200,251907000000,-550,true,-1.29
"VCI",141759,"/Date(1704179876000)/",42200,300,5942200,251865000000,-550,true,-1.29
"VCI",141759,"/Date(1704179876000)/",42200,3200,5941900,251852000000,-550,true,-1.29
"VCI",141753,"/Date(1704179871000)/",42250,3000,5938700,251717000000,-500,false,-1.17
"VCI",141753,"/Date(1704179869000)/",42200,1800,5935700,251590000000,-550,false,-1.29
"VCI",141750,"/Date(1704179867000)/",42200,800,5933900,251514000000,-550,false,-1.29
"VCI",141746,"/Date(1704179864000)/",42200,500,5933100,251481000000,-550,true,-1.29
"VCI",141746,"/Date(1704179864000)/",42200,100,5932600,251459000000,-550,true,-1.29
"VCI",141746,"/Date(1704179864000)/",42200,1800,5932500,251455000000,-550,true,-1.29
"VCI",141743,"/Date(1704179860000)/",42200,3200,5930700,251379000000,-550,true,-1.29
"VCI",141743,"/Date(1704179860000)/",42200,2500,5927500,251244000000,-550,true,-1.29
"VCI",141743,"/Date(1704179860000)/",42200,500,5925000,251139000000,-550,true,-1.29
"VCI",141743,"/Date(1704179860000)/",42200,1000,5924500,251118000000,-550,true,-1.29
"VCI",141743,"/Date(1704179860000)/",42200,1000,5923500,251075000000,-550,true,-1.29
"VCI",141743,"/Date(1704179860000)/",42200,300,5922500,251033000000,-550,true,-1.29
"VCI",141743,"/Date(1704179860000)/",42200,500,5922200,251021000000,-550,true,-1.29
"VCI",141730,"/Date(1704179848000)/",42200,500,5921700,250999000000,-550,true,-1.29
"VCI",141730,"/Date(1704179848000)/",42200,1000,5921200,250978000000,-550,true,-1.29
"VCI",141730,"/Date(1704179848000)/",42200,300,5920200,250936000000,-550,true,-1.29
"VCI",141730,"/Date(1704179848000)/",42200,5600,5919900,250923000000,-550,true,-1.29
"VCI",141730,"/Date(1704179848000)/",42200,500,5914300,250687000000,-550,true,-1.29
"VCI",141730,"/Date(1704179848000)/",42200,300,5913800,250666000000,-550,true,-1.29
"VCI",141730,"/Date(1704179848000)/",42200,1000,5913500,250653000000,-550,true,-1.29
"VCI",141730,"/Date(1704179848000)/",42200,800,5912500,250611000000,-550,true,-1.29
"VCI",141727,"/Date(1704179846000)/",42200,100,5911700,250577000000,-550,true,-1.29
"VCI",141714,"/Date(1704179832000)/",42200,100,5911600,250573000000,-550,false,-1.29
"VCI",141714,"/Date(1704179831000)/",42200,500,5911500,250569000000,-550,false,-1.29
"VCI",141714,"/Date(1704179831000)/",42200,2000,5911000,250548000000,-550,false,-1.29
"VCI",141711,"/Date(1704179829000)/",42200,100,5909000,250464000000,-550,false,-1.29
"VCI",141711,"/Date(1704179829000)/",42200,300,5908900,250459000000,-550,false,-1.29
"VCI",141711,"/Date(1704179829000)/",42200,500,5908600,250447000000,-550,false,-1.29
"VCI",141708,"/Date(1704179825000)/",42200,1000,5908100,250426000000,-550,false,-1.29
"VCI",141702,"/Date(1704179820000)/",42200,7000,5907100,250383000000,-550,false,-1.29
"VCI",141702,"/Date(1704179819000)/",42200,100,5900100,250088000000,-550,false,-1.29
"VCI",141702,"/Date(1704179819000)/",42200,1000,5900000,250084000000,-550,false,-1.29
"VCI",141658,"/Date(1704179815000)/",42200,2000,5899000,250042000000,-550,false,-1.29
"VCI",141658,"/Date(1704179815000)/",42200,1000,5897000,249957000000,-550,false,-1.29
"VCI",141655,"/Date(1704179811000)/",42200,1000,5896000,249915000000,-550,false,-1.29
"VCI",141652,"/Date(1704179808000)/",42200,1000,5895000,249873000000,-550,false,-1.29
"VCI",141649,"/Date(1704179805000)/",42200,3000,5894000,249831000000,-550,false,-1.29
"VCI",141642,"/Date(1704179801000)/",42200,1000,5891000,249704000000,-550,false,-1.29
"VCI",141642,"/Date(1704179800000)/",42200,200,5890000,249662000000,-550,false,-1.29
"VCI",141639,"/Date(1704179798000)/",42150,100,5889800,249653000000,-600,true,-1.4
"VCI",141639,"/Date(1704179795000)/",42200,400,5889700,249649000000,-550,false,-1.29
"VCI",141636,"/Date(1704179793000)/",42200,500,5889300,249632000000,-550,false,-1.29
"VCI",141636,"/Date(1704179792000)/",42200,100,5888800,249611000000,-550,false,-1.29
"VCI",141630,"/Date(1704179788000)/",42200,2000,5888700,249607000000,-550,false,-1.29
"VCI",141626,"/Date(1704179784000)/",42200,10000,5886700,249522000000,-550,false,-1.29
"VCI",141623,"/Date(1704179781000)/",42200,1000,5876700,249100000000,-550,false,-1.29
"VCI",141623,"/Date(1704179781000)/",42200,5000,5875700,249058000000,-550,false,-1.29
"VCI",141620,"/Date(1704179776000)/",42200,100,5870700,248847000000,-550,false,-1.29
"VCI",141617,"/Date(1704179774000)/",42200,200,5870600,248843000000,-550,false,-1.29
"VCI",141617,"/Date(1704179774000)/",42200,2000,5870400,248835000000,-550,false,-1.29
"VCI",141607,"/Date(1704179767000)/",42200,500,5868400,248750000000,-550,false,-1.29
"VCI",141607,"/Date(1704179766000)/",42200,200,5867900,248729000000,-550,false,-1.29
"VCI",141607,"/Date(1704179766000)/",42200,4500,5867700,248721000000,-550,false,-1.29
"VCI",141607,"/Date(1704179765000)/",42200,2000,5863200,248531000000,-550,false,-1.29
"VCI",141607,"/Date(1704179765000)/",42200,200,5861200,248446000000,-550,false,-1.29
"VCI",141607,"/Date(1704179765000)/",42200,2500,5861000,248438000000,-550,false,-1.29
"VCI",141607,"/Date(1704179765000)/",42200,200,5858500,248332000000,-550,false,-1.29
"VCI",141607,"/Date(1704179765000)/",42200,5000,5858300,248324000000,-550,false,-1.29
"VCI",141607,"/Date(1704179765000)/",42200,300,5853300,248113000000,-550,false,-1.29
"VCI",141607,"/Date(1704179765000)/",42200,300,5853000,248100000000,-550,false,-1.29
"VCI",141554,"/Date(1704179752000)/",42200,700,5852700,248088000000,-550,true,-1.29
"VCI",141554,"/Date(1704179752000)/",42200,2000,5852000,248058000000,-550,true,-1.29
"VCI",141554,"/Date(1704179752000)/",42200,5000,5850000,247974000000,-550,true,-1.29
"VCI",141554,"/Date(1704179752000)/",42200,100,5845000,247763000000,-550,true,-1.29
"VCI",141554,"/Date(1704179752000)/",42200,1000,5844900,247758000000,-550,true,-1.29
"VCI",141554,"/Date(1704179752000)/",42200,1000,5843900,247716000000,-550,true,-1.29
"VCI",141554,"/Date(1704179752000)/",42200,1000,5842900,247674000000,-550,true,-1.29
"VCI",141554,"/Date(1704179752000)/",42200,4100,5841900,247632000000,-550,true,-1.29
"VCI",141548,"/Date(1704179746000)/",42200,200,5837800,247459000000,-550,true,-1.29
"VCI",141516,"/Date(1704179714000)/",42200,700,5837600,247450000000,-550,true,-1.29
"VCI",141510,"/Date(1704179706000)/",42250,5000,5836900,247421000000,-500,false,-1.17
"VCI",141510,"/Date(1704179706000)/",42250,200,5831900,247210000000,-500,false,-1.17
"VCI",141506,"/Date(1704179703000)/",42250,2800,5831700,247201000000,-500,false,-1.17
"VCI",141503,"/Date(1704179702000)/",42250,300,5828900,247083000000,-500,true,-1.17
"VCI",141503,"/Date(1704179702000)/",42250,100,5828600,247070000000,-500,true,-1.17
"VCI",141503,"/Date(1704179702000)/",42250,500,5828500,247066000000,-500,true,-1.17
"VCI",141438,"/Date(1704179676000)/",42250,900,5828000,247045000000,-500,false,-1.17
"VCI",141438,"/Date(1704179676000)/",42250,1000,5827100,247007000000,-500,false,-1.17
"VCI",141438,"/Date(1704179676000)/",42250,100,5826100,246965000000,-500,false,-1.17
"VCI",141428,"/Date(1704179665000)/",42250,500,5826000,246960000000,-500,false,-1.17
"VCI",141422,"/Date(1704179660000)/",42250,1400,5825500,246939000000,-500,false,-1.17
"VCI",141422,"/Date(1704179660000)/",42200,4600,5824100,246880000000,-550,false,-1.29
"VCI",141418,"/Date(1704179655000)/",42200,500,5819500,246686000000,-550,true,-1.29
"VCI",141418,"/Date(1704179655000)/",42200,500,5819000,246665000000,-550,true,-1.29
"VCI",141418,"/Date(1704179655000)/",42200,4000,5818500,246644000000,-550,true,-1.29
"VCI",141418,"/Date(1704179655000)/",42200,100,5814500,246475000000,-550,true,-1.29
"VCI",141418,"/Date(1704179655000)/",42200,400,5814400,246471000000,-550,true,-1.29
"VCI",141418,"/Date(1704179655000)/",42200,2000,5814000,246454000000,-550,true,-1.29
"VCI",141418,"/Date(1704179655000)/",42200,100,5812000,246369000000,-550,true,-1.29
"VCI",141418,"/Date(1704179655000)/",42200,500,5811900,246365000000,-550,true,-1.29
"VCI",141418,"/Date(1704179655000)/",42200,300,5811400,246344000000,-550,true,-1.29
"VCI",141418,"/Date(1704179655000)/",42200,5000,5811100,246331000000,-550,true,-1.29
"VCI",141418,"/Date(1704179655000)/",42200,5000,5806100,246120000000,-550,true,-1.29
"VCI",141418,"/Date(1704179655000)/",42200,100,5801100,245909000000,-550,true,-1.29
"VCI",141418,"/Date(1704179655000)/",42200,200,5801000,245905000000,-550,true,-1.29
"VCI",141418,"/Date(1704179655000)/",42200,3000,5800800,245897000000,-550,true,-1.29
"VCI",141418,"/Date(1704179655000)/",42200,500,5797800,245770000000,-550,true,-1.29
"VCI",141418,"/Date(1704179655000)/",42200,1000,5797300,245749000000,-550,true,-1.29
"VCI",141418,"/Date(1704179655000)/",42200,500,5796300,245707000000,-550,true,-1.29
"VCI",141418,"/Date(1704179655000)/",42200,500,5795800,245686000000,-550,true,-1.29
"VCI",141418,"/Date(1704179655000)/",42200,10000,5795300,245665000000,-550,true,-1.29
"VCI",141418,"/Date(1704179655000)/",42200,100,5785300,245243000000,-550,true,-1.29
"VCI",141418,"/Date(1704179655000)/",42200,500,5785200,245239000000,-550,true,-1.29
"VCI",141418,"/Date(1704179655000)/",42200,700,5784700,245217000000,-550,true,-1.29
"VCI",141418,"/Date(1704179655000)/",42200,500,5784000,245188000000,-550,true,-1.29
"VCI",141418,"/Date(1704179655000)/",42200,2600,5783500,245167000000,-550,true,-1.29
"VCI",141418,"/Date(1704179655000)/",42200,200,5780900,245057000000,-550,true,-1.29
"VCI",141418,"/Date(1704179655000)/",42200,2300,5780700,245049000000,-550,true,-1.29
"VCI",141418,"/Date(1704179655000)/",42200,200,5778400,244952000000,-550,true,-1.29
"VCI",141418,"/Date(1704179655000)/",42200,500,5778200,244943000000,-550,true,-1.29
"VCI",141418,"/Date(1704179655000)/",42200,500,5777700,244922000000,-550,true,-1.29
"VCI",141418,"/Date(1704179655000)/",42200,200,5777200,244901000000,-550,true,-1.29
"VCI",141418,"/Date(1704179655000)/",42200,1000,5777000,244892000000,-550,true,-1.29
"VCI",141418,"/Date(1704179655000)/",42200,200,5776000,244850000000,-550,true,-1.29
"VCI",141418,"/Date(1704179655000)/",42200,100,5775800,244842000000,-550,true,-1.29
"VCI",141418,"/Date(1704179655000)/",42200,200,5775700,244838000000,-550,true,-1.29
"VCI",141418,"/Date(1704179655000)/",42200,1000,5775500,244829000000,-550,true,-1.29
"VCI",141418,"/Date(1704179655000)/",42200,500,5774500,244787000000,-550,true,-1.29
"VCI",141418,"/Date(1704179655000)/",42200,5000,5774000,244766000000,-550,true,-1.29
"VCI",141418,"/Date(1704179655000)/",42200,500,5769000,244555000000,-550,true,-1.29
"VCI",141418,"/Date(1704179655000)/",42200,500,5768500,244534000000,-550,true,-1.29
"VCI",141418,"/Date(1704179655000)/",42200,200,5768000,244513000000,-550,true,-1.29
"VCI",141418,"/Date(1704179655000)/",42200,1000,5767800,244504000000,-550,true,-1.29
"VCI",141418,"/Date(1704179655000)/",42200,500,5766800,244462000000,-550,true,-1.29
"VCI",141418,"/Date(1704179655000)/",42200,20000,5766300,244441000000,-550,true,-1.29
"VCI",141418,"/Date(1704179655000)/",42200,100,5746300,243597000000,-550,true,-1.29
"VCI",141418,"/Date(1704179655000)/",42200,300,5746200,243593000000,-550,true,-1.29
"VCI",141418,"/Date(1704179655000)/",42200,300,5745900,243580000000,-550,true,-1.29
"VCI",141418,"/Date(1704179655000)/",42200,500,5745600,243567000000,-550,true,-1.29
"VCI",141418,"/Date(1704179655000)/",42200,1000,5745100,243546000000,-550,true,-1.29
"VCI",141418,"/Date(1704179655000)/",42200,1000,5744100,243504000000,-550,true,-1.29
"VCI",141418,"/Date(1704179655000)/",42200,100,5743100,243462000000,-550,true,-1.29
"VCI",141418,"/Date(1704179655000)/",42200,100,5743000,243458000000,-550,true,-1.29
"VCI",141418,"/Date(1704179655000)/",42200,100,5742900,243453000000,-550,true,-1.29
"VCI",141418,"/Date(1704179655000)/",42200,2000,5742800,243449000000,-550,true,-1.29
"VCI",141418,"/Date(1704179655000)/",42200,100,5740800,243365000000,-550,true,-1.29
"VCI",141418,"/Date(1704179655000)/",42200,10000,5740700,243361000000,-550,true,-1.29
"VCI",141418,"/Date(1704179655000)/",42200,100,5730700,242939000000,-550,true,-1.29
"VCI",141418,"/Date(1704179655000)/",42200,1000,5730600,242934000000,-550,true,-1.29
"VCI",141418,"/Date(1704179655000)/",42200,500,5729600,242892000000,-550,true,-1.29
"VCI",141418,"/Date(1704179655000)/",42200,100,5729100,242871000000,-550,true,-1.29
"VCI",141418,"/Date(1704179655000)/",42200,4900,5729000,242867000000,-550,true,-1.29
"VCI",141415,"/Date(1704179654000)/",42250,1000,5724100,242660000000,-500,false,-1.17
"VCI",141409,"/Date(1704179648000)/",42250,3500,5723100,242618000000,-500,false,-1.17
"VCI",141356,"/Date(1704179634000)/",42250,1000,5719600,242470000000,-500,false,-1.17
"VCI",141337,"/Date(1704179615000)/",42250,2000,5718600,242428000000,-500,false,-1.17
"VCI",141337,"/Date(1704179613000)/",42250,100,5716600,242343000000,-500,false,-1.17
"VCI",141337,"/Date(1704179613000)/",42250,500,5716500,242339000000,-500,false,-1.17
"VCI",141308,"/Date(1704179584000)/",42300,1800,5716000,242318000000,-450,false,-1.05
"VCI",141308,"/Date(1704179584000)/",42250,3200,5714200,242242000000,-500,false,-1.17
"VCI",141305,"/Date(1704179582000)/",42250,800,5711000,242107000000,-500,false,-1.17
"VCI",141305,"/Date(1704179582000)/",42250,5000,5710200,242073000000,-500,false,-1.17
"VCI",141305,"/Date(1704179582000)/",42250,1000,5705200,241861000000,-500,false,-1.17
"VCI",141305,"/Date(1704179582000)/",42250,500,5704200,241819000000,-500,false,-1.17
"VCI",141305,"/Date(1704179582000)/",42250,100,5703700,241798000000,-500,false,-1.17
"VCI",141305,"/Date(1704179582000)/",42250,5000,5703600,241794000000,-500,false,-1.17
"VCI",141305,"/Date(1704179582000)/",42250,100,5698600,241583000000,-500,false,-1.17
"VCI",141305,"/Date(1704179582000)/",42250,500,5698500,241578000000,-500,false,-1.17
"VCI",141305,"/Date(1704179582000)/",42250,1200,5698000,241557000000,-500,false,-1.17
"VCI",141301,"/Date(1704179579000)/",42250,400,5696800,241507000000,-500,true,-1.17
"VCI",141258,"/Date(1704179577000)/",42250,1400,5696400,241490000000,-500,true,-1.17
"VCI",141258,"/Date(1704179577000)/",42250,100,5695000,241431000000,-500,true,-1.17
"VCI",141258,"/Date(1704179577000)/",42250,500,5694900,241426000000,-500,true,-1.17
"VCI",141258,"/Date(1704179577000)/",42250,2000,5694400,241405000000,-500,true,-1.17
"VCI",141239,"/Date(1704179555000)/",42250,3000,5692400,241321000000,-500,true,-1.17
"VCI",141239,"/Date(1704179555000)/",42250,100,5689400,241194000000,-500,true,-1.17
"VCI",141239,"/Date(1704179555000)/",42250,1000,5689300,241190000000,-500,true,-1.17
"VCI",141239,"/Date(1704179555000)/",42250,2000,5688300,241147000000,-500,true,-1.17
"VCI",141239,"/Date(1704179555000)/",42250,100,5686300,241063000000,-500,true,-1.17
"VCI",141239,"/Date(1704179555000)/",42250,5000,5686200,241059000000,-500,true,-1.17
"VCI",141239,"/Date(1704179555000)/",42250,500,5681200,240847000000,-500,true,-1.17
"VCI",141239,"/Date(1704179555000)/",42250,400,5680700,240826000000,-500,true,-1.17
"VCI",141239,"/Date(1704179555000)/",42250,100,5680300,240809000000,-500,true,-1.17
"VCI",141239,"/Date(1704179555000)/",42250,500,5680200,240805000000,-500,true,-1.17
"VCI",141239,"/Date(1704179555000)/",42250,6000,5679700,240784000000,-500,true,-1.17
"VCI",141239,"/Date(1704179555000)/",42250,100,5673700,240531000000,-500,true,-1.17
"VCI",141239,"/Date(1704179555000)/",42250,200,5673600,240526000000,-500,true,-1.17
"VCI",141239,"/Date(1704179555000)/",42250,100,5673400,240518000000,-500,true,-1.17
"VCI",141239,"/Date(1704179555000)/",42250,400,5673300,240514000000,-500,true,-1.17
"VCI",141239,"/Date(1704179555000)/",42250,2000,5672900,240497000000,-500,true,-1.17
"VCI",141239,"/Date(1704179555000)/",42250,2000,5670900,240412000000,-500,true,-1.17
"VCI",141239,"/Date(1704179555000)/",42250,1400,5668900,240328000000,-500,true,-1.17
"VCI",141200,"/Date(1704179518000)/",42250,1000,5667500,240269000000,-500,true,-1.17
"VCI",141128,"/Date(1704179485000)/",42250,500,5666500,240226000000,-500,true,-1.17
"VCI",141128,"/Date(1704179485000)/",42300,1000,5666000,240205000000,-450,false,-1.05
"VCI",141116,"/Date(1704179474000)/",42300,100,5665000,240163000000,-450,false,-1.05
"VCI",141047,"/Date(1704179443000)/",42250,7100,5664900,240159000000,-500,true,-1.17
"VCI",141047,"/Date(1704179443000)/",42250,200,5657800,239859000000,-500,true,-1.17
"VCI",141047,"/Date(1704179443000)/",42250,1000,5657600,239850000000,-500,true,-1.17
"VCI",141047,"/Date(1704179443000)/",42250,500,5656600,239808000000,-500,true,-1.17
"VCI",141047,"/Date(1704179443000)/",42250,200,5656100,239787000000,-500,true,-1.17
"VCI",141047,"/Date(1704179443000)/",42250,100,5655900,239778000000,-500,true,-1.17
"VCI",141047,"/Date(1704179443000)/",42250,5000,5655800,239774000000,-500,true,-1.17
"VCI",141047,"/Date(1704179443000)/",42250,900,5650800,239563000000,-500,true,-1.17
"VCI",141028,"/Date(1704179425000)/",42300,500,5649900,239525000000,-450,false,-1.05
"VCI",141028,"/Date(1704179424000)/",42250,100,5649400,239504000000,-500,true,-1.17
"VCI",141005,"/Date(1704179403000)/",42300,200,5649300,239500000000,-450,false,-1.05
"VCI",140959,"/Date(1704179396000)/",42300,200,5649100,239491000000,-450,false,-1.05
"VCI",140953,"/Date(1704179392000)/",42300,200,5648900,239483000000,-450,false,-1.05
"VCI",140943,"/Date(1704179380000)/",42300,100,5648700,239474000000,-450,false,-1.05
"VCI",140921,"/Date(1704179358000)/",42300,1000,5648600,239470000000,-450,false,-1.05
"VCI",140905,"/Date(1704179342000)/",42300,1000,5647600,239428000000,-450,false,-1.05
"VCI",140842,"/Date(1704179318000)/",42300,3100,5646600,239385000000,-450,true,-1.05
"VCI",140842,"/Date(1704179318000)/",42300,500,5643500,239254000000,-450,true,-1.05
"VCI",140842,"/Date(1704179318000)/",42300,100,5643000,239233000000,-450,true,-1.05
"VCI",140842,"/Date(1704179318000)/",42300,100,5642900,239229000000,-450,true,-1.05
"VCI",140842,"/Date(1704179318000)/",42300,100,5642800,239225000000,-450,true,-1.05
"VCI",140829,"/Date(1704179308000)/",42300,100,5642700,239220000000,-450,true,-1.05
"VCI",140829,"/Date(1704179308000)/",42300,2000,5642600,239216000000,-450,true,-1.05
"VCI",140829,"/Date(1704179308000)/",42300,2900,5640600,239132000000,-450,true,-1.05
"VCI",140754,"/Date(1704179273000)/",42300,2000,5637700,239009000000,-450,true,-1.05
"VCI",140728,"/Date(1704179247000)/",42300,100,5635700,238924000000,-450,true,-1.05
"VCI",140728,"/Date(1704179245000)/",42300,400,5635600,238920000000,-450,true,-1.05
"VCI",140725,"/Date(1704179242000)/",42300,600,5635200,238903000000,-450,true,-1.05
"VCI",140725,"/Date(1704179242000)/",42300,100,5634600,238878000000,-450,true,-1.05
"VCI",140725,"/Date(1704179242000)/",42300,300,5634500,238874000000,-450,true,-1.05
"VCI",140722,"/Date(1704179239000)/",42300,200,5634200,238861000000,-450,true,-1.05
"VCI",140719,"/Date(1704179236000)/",42300,1500,5634000,238852000000,-450,false,-1.05
"VCI",140715,"/Date(1704179235000)/",42300,300,5632500,238789000000,-450,false,-1.05
"VCI",140715,"/Date(1704179235000)/",42300,600,5632200,238776000000,-450,false,-1.05
"VCI",140715,"/Date(1704179235000)/",42300,200,5631600,238751000000,-450,false,-1.05
"VCI",140715,"/Date(1704179235000)/",42300,3900,5631400,238742000000,-450,false,-1.05
"VCI",140709,"/Date(1704179228000)/",42300,1000,5627500,238577000000,-450,false,-1.05
"VCI",140703,"/Date(1704179222000)/",42300,500,5626500,238535000000,-450,false,-1.05
"VCI",140659,"/Date(1704179218000)/",42300,1000,5626000,238514000000,-450,false,-1.05
"VCI",140653,"/Date(1704179210000)/",42300,100,5625000,238472000000,-450,false,-1.05
"VCI",140653,"/Date(1704179210000)/",42300,1000,5624900,238467000000,-450,false,-1.05
"VCI",140653,"/Date(1704179210000)/",42300,900,5623900,238425000000,-450,false,-1.05
"VCI",140647,"/Date(1704179205000)/",42300,400,5623000,238387000000,-450,false,-1.05
"VCI",140647,"/Date(1704179204000)/",42300,2000,5622600,238370000000,-450,false,-1.05
"VCI",140643,"/Date(1704179200000)/",42300,500,5620600,238286000000,-450,false,-1.05
"VCI",140640,"/Date(1704179198000)/",42300,600,5620100,238264000000,-450,false,-1.05
"VCI",140637,"/Date(1704179196000)/",42300,700,5619500,238239000000,-450,false,-1.05
"VCI",140634,"/Date(1704179191000)/",42300,200,5618800,238209000000,-450,false,-1.05
"VCI",140624,"/Date(1704179181000)/",42300,24700,5618600,238201000000,-450,false,-1.05
"VCI",140624,"/Date(1704179181000)/",42300,1000,5593900,237156000000,-450,false,-1.05
"VCI",140624,"/Date(1704179181000)/",42300,1000,5592900,237114000000,-450,false,-1.05
"VCI",140624,"/Date(1704179181000)/",42300,10000,5591900,237072000000,-450,false,-1.05
"VCI",140624,"/Date(1704179181000)/",42300,1000,5581900,236649000000,-450,false,-1.05
"VCI",140624,"/Date(1704179181000)/",42300,100,5580900,236606000000,-450,false,-1.05
"VCI",140624,"/Date(1704179181000)/",42300,13400,5580800,236602000000,-450,false,-1.05
"VCI",140559,"/Date(1704179157000)/",42300,1900,5567400,236035000000,-450,false,-1.05
"VCI",140555,"/Date(1704179152000)/",42300,100,5565500,235955000000,-450,false,-1.05
"VCI",140546,"/Date(1704179143000)/",42250,400,5565400,235951000000,-500,true,-1.17
"VCI",140533,"/Date(1704179130000)/",42250,100,5565000,235934000000,-500,true,-1.17
"VCI",140533,"/Date(1704179130000)/",42250,500,5564900,235930000000,-500,true,-1.17
"VCI",140533,"/Date(1704179130000)/",42250,200,5564400,235908000000,-500,true,-1.17
"VCI",140533,"/Date(1704179130000)/",42250,200,5564200,235900000000,-500,true,-1.17
"VCI",140530,"/Date(1704179129000)/",42300,2000,5564000,235891000000,-450,true,-1.05
"VCI",140530,"/Date(1704179129000)/",42300,1000,5562000,235807000000,-450,true,-1.05
"VCI",140530,"/Date(1704179129000)/",42300,200,5561000,235765000000,-450,true,-1.05
"VCI",140530,"/Date(1704179129000)/",42300,1000,5560800,235756000000,-450,true,-1.05
"VCI",140530,"/Date(1704179129000)/",42300,1000,5559800,235714000000,-450,true,-1.05
"VCI",140530,"/Date(1704179129000)/",42300,5000,5558800,235672000000,-450,true,-1.05
"VCI",140530,"/Date(1704179129000)/",42300,10000,5553800,235460000000,-450,true,-1.05
"VCI",140530,"/Date(1704179129000)/",42300,8000,5543800,235037000000,-450,true,-1.05
"VCI",140530,"/Date(1704179129000)/",42300,300,5535800,234699000000,-450,true,-1.05
"VCI",140530,"/Date(1704179129000)/",42300,500,5535500,234686000000,-450,true,-1.05
"VCI",140530,"/Date(1704179129000)/",42300,10000,5535000,234665000000,-450,true,-1.05
"VCI",140530,"/Date(1704179129000)/",42300,2000,5525000,234242000000,-450,true,-1.05
"VCI",140530,"/Date(1704179129000)/",42300,100,5523000,234157000000,-450,true,-1.05
"VCI",140530,"/Date(1704179129000)/",42300,1000,5522900,234153000000,-450,true,-1.05
"VCI",140530,"/Date(1704179129000)/",42300,10000,5521900,234111000000,-450,true,-1.05
"VCI",140530,"/Date(1704179129000)/",42300,1000,5511900,233688000000,-450,true,-1.05
"VCI",140530,"/Date(1704179129000)/",42300,50000,5510900,233645000000,-450,true,-1.05
"VCI",140530,"/Date(1704179129000)/",42300,100,5460900,231530000000,-450,true,-1.05
"VCI",140530,"/Date(1704179129000)/",42300,200,5460800,231526000000,-450,true,-1.05
"VCI",140530,"/Date(1704179129000)/",42300,200,5460600,231518000000,-450,true,-1.05
"VCI",140530,"/Date(1704179129000)/",42300,200,5460400,231509000000,-450,true,-1.05
"VCI",140530,"/Date(1704179129000)/",42300,5000,5460200,231501000000,-450,true,-1.05
"VCI",140530,"/Date(1704179129000)/",42300,1000,5455200,231289000000,-450,true,-1.05
"VCI",140530,"/Date(1704179129000)/",42300,400,5454200,231247000000,-450,true,-1.05
"VCI",140530,"/Date(1704179129000)/",42300,100,5453800,231230000000,-450,true,-1.05
"VCI",140530,"/Date(1704179129000)/",42300,100,5453700,231226000000,-450,true,-1.05
"VCI",140530,"/Date(1704179129000)/",42300,500,5453600,231222000000,-450,true,-1.05
"VCI",140530,"/Date(1704179129000)/",42300,3000,5453100,231200000000,-450,true,-1.05
"VCI",140530,"/Date(1704179129000)/",42300,20000,5450100,231074000000,-450,true,-1.05
"VCI",140530,"/Date(1704179129000)/",42300,300,5430100,230228000000,-450,true,-1.05
"VCI",140530,"/Date(1704179129000)/",42300,400,5429800,230215000000,-450,true,-1.05
"VCI",140530,"/Date(1704179128000)/",42350,500,5429400,230198000000,-400,false,-0.94
"VCI",140523,"/Date(1704179121000)/",42350,1000,5428900,230177000000,-400,false,-0.94
"VCI",140455,"/Date(1704179092000)/",42350,100,5427900,230134000000,-400,false,-0.94
"VCI",140439,"/Date(1704179078000)/",42350,1000,5427800,230130000000,-400,false,-0.94
"VCI",140439,"/Date(1704179078000)/",42350,4000,5426800,230088000000,-400,false,-0.94
"VCI",140436,"/Date(1704179072000)/",42350,2300,5422800,229918000000,-400,false,-0.94
"VCI",140420,"/Date(1704179058000)/",42350,100,5420500,229821000000,-400,false,-0.94
"VCI",140416,"/Date(1704179053000)/",42300,100,5420400,229817000000,-450,true,-1.05
"VCI",140410,"/Date(1704179049000)/",42350,5000,5420300,229813000000,-400,false,-0.94
"VCI",140410,"/Date(1704179047000)/",42350,200,5415300,229601000000,-400,false,-0.94
"VCI",140400,"/Date(1704179040000)/",42350,400,5415100,229592000000,-400,false,-0.94
"VCI",140357,"/Date(1704179036000)/",42350,100,5414700,229575000000,-400,false,-0.94
"VCI",140357,"/Date(1704179034000)/",42350,5000,5414600,229571000000,-400,false,-0.94
"VCI",140351,"/Date(1704179030000)/",42350,1000,5409600,229359000000,-400,false,-0.94
"VCI",140348,"/Date(1704179026000)/",42350,200,5408600,229317000000,-400,false,-0.94
"VCI",140341,"/Date(1704179020000)/",42350,1000,5408400,229309000000,-400,false,-0.94
"VCI",140341,"/Date(1704179018000)/",42350,500,5407400,229266000000,-400,false,-0.94
"VCI",140335,"/Date(1704179013000)/",42350,100,5406900,229245000000,-400,false,-0.94
"VCI",140328,"/Date(1704179005000)/",42350,5000,5406800,229241000000,-400,false,-0.94
"VCI",140306,"/Date(1704178983000)/",42350,100,5401800,229029000000,-400,false,-0.94
"VCI",140303,"/Date(1704178981000)/",42350,700,5401700,229025000000,-400,false,-0.94
"VCI",140300,"/Date(1704178979000)/",42350,500,5401000,228995000000,-400,false,-0.94
"VCI",140300,"/Date(1704178977000)/",42350,200,5400500,228974000000,-400,false,-0.94
"VCI",140250,"/Date(1704178969000)/",42350,200,5400300,228966000000,-400,false,-0.94
"VCI",140156,"/Date(1704178914000)/",42350,100,5400100,228957000000,-400,false,-0.94
"VCI",140146,"/Date(1704178904000)/",42350,100,5400000,228953000000,-400,false,-0.94
"VCI",140136,"/Date(1704178893000)/",42350,500,5399900,228949000000,-400,false,-0.94
"VCI",140127,"/Date(1704178884000)/",42350,1000,5399400,228927000000,-400,false,-0.94
"VCI",140127,"/Date(1704178884000)/",42350,2000,5398400,228885000000,-400,false,-0.94
"VCI",140120,"/Date(1704178880000)/",42350,100,5396400,228800000000,-400,false,-0.94
"VCI",140114,"/Date(1704178873000)/",42350,100,5396300,228796000000,-400,false,-0.94
"VCI",140114,"/Date(1704178872000)/",42350,1200,5396200,228792000000,-400,false,-0.94
"VCI",140114,"/Date(1704178872000)/",42350,300,5395000,228741000000,-400,false,-0.94
"VCI",140108,"/Date(1704178866000)/",42350,100,5394700,228728000000,-400,false,-0.94
"VCI",140108,"/Date(1704178866000)/",42350,200,5394600,228724000000,-400,false,-0.94
"VCI",140108,"/Date(1704178866000)/",42350,500,5394400,228716000000,-400,false,-0.94
"VCI",140108,"/Date(1704178866000)/",42350,10000,5393900,228694000000,-400,false,-0.94
"VCI",140108,"/Date(1704178866000)/",42350,6000,5383900,228271000000,-400,false,-0.94
"VCI",140108,"/Date(1704178866000)/",42350,100,5377900,228017000000,-400,false,-0.94
"VCI",140108,"/Date(1704178866000)/",42350,500,5377800,228013000000,-400,false,-0.94
"VCI",140108,"/Date(1704178866000)/",42350,600,5377300,227991000000,-400,false,-0.94
"VCI",140045,"/Date(1704178844000)/",42350,1000,5376700,227966000000,-400,false,-0.94
"VCI",140045,"/Date(1704178844000)/",42350,400,5375700,227924000000,-400,false,-0.94
"VCI",140036,"/Date(1704178833000)/",42350,1000,5375300,227907000000,-400,false,-0.94
"VCI",140036,"/Date(1704178833000)/",42350,1000,5374300,227864000000,-400,false,-0.94
"VCI",140033,"/Date(1704178831000)/",42350,5000,5373300,227822000000,-400,false,-0.94
"VCI",140029,"/Date(1704178827000)/",42350,2000,5368300,227610000000,-400,true,-0.94
"VCI",140029,"/Date(1704178826000)/",42350,17100,5366300,227526000000,-400,true,-0.94
"VCI",140029,"/Date(1704178826000)/",42350,10000,5349200,226801000000,-400,true,-0.94
"VCI",140029,"/Date(1704178826000)/",42350,2000,5339200,226378000000,-400,true,-0.94
"VCI",140029,"/Date(1704178826000)/",42350,800,5337200,226293000000,-400,true,-0.94
"VCI",140029,"/Date(1704178826000)/",42350,2900,5336400,226259000000,-400,true,-0.94
"VCI",140029,"/Date(1704178826000)/",42350,9200,5333500,226137000000,-400,true,-0.94
"VCI",140017,"/Date(1704178814000)/",42350,800,5324300,225747000000,-400,false,-0.94
"VCI",140017,"/Date(1704178814000)/",42350,400,5323500,225713000000,-400,false,-0.94
"VCI",140017,"/Date(1704178814000)/",42350,300,5323100,225696000000,-400,false,-0.94
"VCI",140010,"/Date(1704178809000)/",42350,200,5322800,225683000000,-400,false,-0.94
"VCI",140010,"/Date(1704178809000)/",42350,300,5322600,225675000000,-400,false,-0.94
"VCI",140010,"/Date(1704178809000)/",42350,500,5322300,225662000000,-400,false,-0.94
"VCI",140010,"/Date(1704178809000)/",42350,2000,5321800,225641000000,-400,false,-0.94
"VCI",140007,"/Date(1704178805000)/",42300,300,5319800,225556000000,-450,true,-1.05
"VCI",140007,"/Date(1704178805000)/",42300,1700,5319500,225544000000,-450,true,-1.05
"VCI",135945,"/Date(1704178781000)/",42300,2000,5317800,225472000000,-450,true,-1.05
"VCI",135919,"/Date(1704178756000)/",42300,500,5315800,225387000000,-450,true,-1.05
"VCI",135919,"/Date(1704178756000)/",42300,800,5315300,225366000000,-450,true,-1.05
"VCI",135916,"/Date(1704178754000)/",42300,2000,5314500,225332000000,-450,false,-1.05
"VCI",135916,"/Date(1704178754000)/",42300,2200,5312500,225248000000,-450,false,-1.05
"VCI",135916,"/Date(1704178754000)/",42300,600,5310300,225155000000,-450,false,-1.05
"VCI",135916,"/Date(1704178754000)/",42300,5000,5309700,225129000000,-450,false,-1.05
"VCI",135916,"/Date(1704178754000)/",42300,500,5304700,224918000000,-450,false,-1.05
"VCI",135916,"/Date(1704178754000)/",42300,100,5304200,224896000000,-450,false,-1.05
"VCI",135916,"/Date(1704178754000)/",42300,1000,5304100,224892000000,-450,false,-1.05
"VCI",135916,"/Date(1704178754000)/",42300,15600,5303100,224850000000,-450,false,-1.05
"VCI",135916,"/Date(1704178753000)/",42300,4400,5287500,224190000000,-450,false,-1.05
"VCI",135916,"/Date(1704178753000)/",42300,100,5283100,224004000000,-450,false,-1.05
"VCI",135916,"/Date(1704178753000)/",42300,500,5283000,224000000000,-450,false,-1.05
"VCI",135909,"/Date(1704178746000)/",42300,400,5282500,223979000000,-450,false,-1.05
"VCI",135850,"/Date(1704178728000)/",42300,500,5282100,223962000000,-450,false,-1.05
"VCI",135850,"/Date(1704178728000)/",42300,500,5281600,223941000000,-450,false,-1.05
"VCI",135847,"/Date(1704178724000)/",42300,500,5281100,223919000000,-450,false,-1.05
"VCI",135844,"/Date(1704178723000)/",42300,10000,5280600,223898000000,-450,false,-1.05
"VCI",135841,"/Date(1704178718000)/",42300,5000,5270600,223475000000,-450,false,-1.05
"VCI",135841,"/Date(1704178717000)/",42300,1500,5265600,223264000000,-450,false,-1.05
"VCI",135837,"/Date(1704178715000)/",42300,100,5264100,223200000000,-450,false,-1.05
"VCI",135837,"/Date(1704178715000)/",42300,2500,5264000,223196000000,-450,false,-1.05
"VCI",135834,"/Date(1704178713000)/",42300,20300,5261500,223090000000,-450,false,-1.05
"VCI",135834,"/Date(1704178713000)/",42300,1000,5241200,222232000000,-450,false,-1.05
"VCI",135834,"/Date(1704178713000)/",42300,300,5240200,222189000000,-450,false,-1.05
"VCI",135834,"/Date(1704178713000)/",42300,28400,5239900,222177000000,-450,false,-1.05
"VCI",135825,"/Date(1704178701000)/",42300,3000,5211500,220975000000,-450,false,-1.05
"VCI",135825,"/Date(1704178701000)/",42300,2000,5208500,220848000000,-450,false,-1.05
"VCI",135815,"/Date(1704178692000)/",42300,3000,5206500,220764000000,-450,false,-1.05
"VCI",135812,"/Date(1704178691000)/",42300,200,5203500,220637000000,-450,false,-1.05
"VCI",135806,"/Date(1704178682000)/",42300,100,5203300,220628000000,-450,false,-1.05
"VCI",135750,"/Date(1704178669000)/",42300,500,5203200,220624000000,-450,false,-1.05
"VCI",135750,"/Date(1704178667000)/",42300,3000,5202700,220603000000,-450,false,-1.05
"VCI",135746,"/Date(1704178665000)/",42300,1500,5199700,220476000000,-450,false,-1.05
"VCI",135743,"/Date(1704178660000)/",42300,200,5198200,220413000000,-450,false,-1.05
"VCI",135743,"/Date(1704178659000)/",42250,300,5198000,220404000000,-500,true,-1.17
"VCI",135734,"/Date(1704178652000)/",42300,2000,5197700,220392000000,-450,false,-1.05
"VCI",135708,"/Date(1704178624000)/",42250,500,5195700,220307000000,-500,true,-1.17
"VCI",135708,"/Date(1704178624000)/",42250,500,5195200,220286000000,-500,true,-1.17
"VCI",135702,"/Date(1704178620000)/",42250,4500,5194700,220265000000,-500,true,-1.17
"VCI",135702,"/Date(1704178620000)/",42250,3000,5190200,220075000000,-500,true,-1.17
"VCI",135702,"/Date(1704178620000)/",42250,500,5187200,219948000000,-500,true,-1.17
"VCI",135702,"/Date(1704178620000)/",42250,800,5186700,219927000000,-500,true,-1.17
"VCI",135702,"/Date(1704178620000)/",42250,300,5185900,219893000000,-500,true,-1.17
"VCI",135702,"/Date(1704178620000)/",42250,500,5185600,219880000000,-500,true,-1.17
"VCI",135702,"/Date(1704178620000)/",42250,10400,5185100,219859000000,-500,true,-1.17
"VCI",135652,"/Date(1704178611000)/",42250,1000,5174700,219420000000,-500,true,-1.17
"VCI",135649,"/Date(1704178606000)/",42300,800,5173700,219377000000,-450,false,-1.05
"VCI",135633,"/Date(1704178590000)/",42250,1500,5172900,219344000000,-500,true,-1.17
"VCI",135610,"/Date(1704178569000)/",42250,10000,5171400,219280000000,-500,true,-1.17
"VCI",135610,"/Date(1704178569000)/",42250,1600,5161400,218858000000,-500,true,-1.17
"VCI",135610,"/Date(1704178569000)/",42250,2400,5159800,218790000000,-500,true,-1.17
"VCI",135610,"/Date(1704178569000)/",42250,100,5157400,218689000000,-500,true,-1.17
"VCI",135610,"/Date(1704178569000)/",42250,20000,5157300,218685000000,-500,true,-1.17
"VCI",135610,"/Date(1704178569000)/",42250,3000,5137300,217840000000,-500,true,-1.17
"VCI",135601,"/Date(1704178558000)/",42200,100,5134300,217713000000,-550,true,-1.29
"VCI",135601,"/Date(1704178557000)/",42250,300,5134200,217709000000,-500,false,-1.17
"VCI",135548,"/Date(1704178546000)/",42250,500,5133900,217696000000,-500,false,-1.17
"VCI",135548,"/Date(1704178545000)/",42250,100,5133400,217675000000,-500,false,-1.17
"VCI",135542,"/Date(1704178540000)/",42250,2000,5133300,217671000000,-500,false,-1.17
"VCI",135538,"/Date(1704178537000)/",42250,2000,5131300,217586000000,-500,false,-1.17
"VCI",135532,"/Date(1704178531000)/",42250,100,5129300,217502000000,-500,false,-1.17
"VCI",135519,"/Date(1704178518000)/",42250,100,5129200,217497000000,-500,false,-1.17
"VCI",135519,"/Date(1704178518000)/",42250,2000,5129100,217493000000,-500,false,-1.17
"VCI",135516,"/Date(1704178514000)/",42250,1000,5127100,217409000000,-500,false,-1.17
"VCI",135513,"/Date(1704178512000)/",42250,100,5126100,217366000000,-500,false,-1.17
"VCI",135510,"/Date(1704178509000)/",42250,100,5126000,217362000000,-500,false,-1.17
"VCI",135510,"/Date(1704178506000)/",42250,1500,5125900,217358000000,-500,false,-1.17
"VCI",135444,"/Date(1704178483000)/",42250,500,5124400,217294000000,-500,false,-1.17
"VCI",135441,"/Date(1704178478000)/",42200,2000,5123900,217273000000,-550,true,-1.29
"VCI",135435,"/Date(1704178472000)/",42250,1000,5121900,217189000000,-500,false,-1.17
"VCI",135431,"/Date(1704178469000)/",42250,500,5120900,217147000000,-500,false,-1.17
"VCI",135425,"/Date(1704178464000)/",42250,100,5120400,217126000000,-500,false,-1.17
"VCI",135422,"/Date(1704178459000)/",42250,2000,5120300,217121000000,-500,false,-1.17
"VCI",135334,"/Date(1704178411000)/",42250,2400,5118300,217037000000,-500,false,-1.17
"VCI",135328,"/Date(1704178405000)/",42250,1400,5115900,216935000000,-500,false,-1.17
"VCI",135312,"/Date(1704178390000)/",42250,2300,5114500,216876000000,-500,false,-1.17
"VCI",135312,"/Date(1704178390000)/",42250,500,5112200,216779000000,-500,false,-1.17
"VCI",135312,"/Date(1704178390000)/",42250,2200,5111700,216758000000,-500,false,-1.17
"VCI",135302,"/Date(1704178379000)/",42250,100,5109500,216665000000,-500,false,-1.17
"VCI",135259,"/Date(1704178378000)/",42200,3000,5109400,216661000000,-550,true,-1.29
"VCI",135256,"/Date(1704178375000)/",42250,1600,5106400,216534000000,-500,false,-1.17
"VCI",135256,"/Date(1704178374000)/",42250,1000,5104800,216467000000,-500,false,-1.17
"VCI",135236,"/Date(1704178355000)/",42300,400,5103800,216424000000,-450,false,-1.05
"VCI",135233,"/Date(1704178352000)/",42250,200,5103400,216407000000,-500,false,-1.17
"VCI",135233,"/Date(1704178352000)/",42250,100,5103200,216399000000,-500,false,-1.17
"VCI",135233,"/Date(1704178352000)/",42250,100,5103100,216395000000,-500,false,-1.17
"VCI",135233,"/Date(1704178352000)/",42250,1500,5103000,216391000000,-500,false,-1.17
"VCI",135233,"/Date(1704178352000)/",42250,1000,5101500,216327000000,-500,false,-1.17
"VCI",135233,"/Date(1704178352000)/",42250,100,5100500,216285000000,-500,false,-1.17
"VCI",135214,"/Date(1704178333000)/",42250,400,5100400,216281000000,-500,true,-1.17
"VCI",135214,"/Date(1704178333000)/",42250,2500,5100000,216264000000,-500,true,-1.17
"VCI",135214,"/Date(1704178333000)/",42250,1000,5097500,216158000000,-500,true,-1.17
"VCI",135214,"/Date(1704178333000)/",42250,1000,5096500,216116000000,-500,true,-1.17
"VCI",135214,"/Date(1704178333000)/",42250,500,5095500,216074000000,-500,true,-1.17
"VCI",135214,"/Date(1704178333000)/",42250,4500,5095000,216053000000,-500,true,-1.17
"VCI",135214,"/Date(1704178333000)/",42250,100,5090500,215862000000,-500,true,-1.17
"VCI",135148,"/Date(1704178305000)/",42250,500,5090400,215858000000,-500,true,-1.17
"VCI",135145,"/Date(1704178304000)/",42250,1500,5089900,215837000000,-500,true,-1.17
"VCI",135142,"/Date(1704178301000)/",42250,2700,5088400,215774000000,-500,false,-1.17
"VCI",135142,"/Date(1704178301000)/",42250,10000,5085700,215660000000,-500,false,-1.17
"VCI",135142,"/Date(1704178301000)/",42250,300,5075700,215237000000,-500,false,-1.17
"VCI",135142,"/Date(1704178301000)/",42250,3000,5075400,215224000000,-500,false,-1.17
"VCI",135142,"/Date(1704178301000)/",42250,300,5072400,215098000000,-500,false,-1.17
"VCI",135142,"/Date(1704178301000)/",42250,300,5072100,215085000000,-500,false,-1.17
"VCI",135142,"/Date(1704178301000)/",42250,1000,5071800,215072000000,-500,false,-1.17
"VCI",135142,"/Date(1704178301000)/",42250,1000,5070800,215030000000,-500,false,-1.17
"VCI",135142,"/Date(1704178301000)/",42250,900,5069800,214988000000,-500,false,-1.17
"VCI",135142,"/Date(1704178301000)/",42250,200,5068900,214950000000,-500,false,-1.17
"VCI",135142,"/Date(1704178301000)/",42250,10000,5068700,214941000000,-500,false,-1.17
"VCI",135142,"/Date(1704178301000)/",42250,10300,5058700,214519000000,-500,false,-1.17
"VCI",135107,"/Date(1704178263000)/",42200,500,5048400,214084000000,-550,true,-1.29
"VCI",135104,"/Date(1704178260000)/",42250,3000,5047900,214063000000,-500,false,-1.17
"VCI",135045,"/Date(1704178241000)/",42200,3000,5044900,213936000000,-550,false,-1.29
"VCI",135045,"/Date(1704178241000)/",42200,1200,5041900,213809000000,-550,false,-1.29
"VCI",135045,"/Date(1704178241000)/",42200,500,5040700,213759000000,-550,false,-1.29
"VCI",135045,"/Date(1704178241000)/",42200,300,5040200,213738000000,-550,false,-1.29
"VCI",135045,"/Date(1704178241000)/",42200,700,5039900,213725000000,-550,false,-1.29
"VCI",135045,"/Date(1704178241000)/",42200,1300,5039200,213695000000,-550,false,-1.29
"VCI",135038,"/Date(1704178237000)/",42200,1700,5037900,213640000000,-550,false,-1.29
"VCI",135038,"/Date(1704178237000)/",42200,800,5036200,213569000000,-550,false,-1.29
"VCI",135038,"/Date(1704178237000)/",42200,200,5035400,213535000000,-550,false,-1.29
"VCI",135038,"/Date(1704178237000)/",42200,2000,5035200,213527000000,-550,false,-1.29
"VCI",135038,"/Date(1704178237000)/",42200,13200,5033200,213442000000,-550,false,-1.29
"VCI",135038,"/Date(1704178237000)/",42200,100,5020000,212885000000,-550,false,-1.29
"VCI",135035,"/Date(1704178234000)/",42200,500,5019900,212881000000,-550,false,-1.29
"VCI",135016,"/Date(1704178213000)/",42200,500,5019400,212860000000,-550,false,-1.29
"VCI",135000,"/Date(1704178198000)/",42200,500,5018900,212839000000,-550,false,-1.29
"VCI",134957,"/Date(1704178194000)/",42200,500,5018400,212818000000,-550,false,-1.29
"VCI",134947,"/Date(1704178186000)/",42200,200,5017900,212796000000,-550,false,-1.29
"VCI",134944,"/Date(1704178180000)/",42200,3900,5017700,212788000000,-550,false,-1.29
"VCI",134941,"/Date(1704178179000)/",42200,500,5013800,212623000000,-550,false,-1.29
"VCI",134928,"/Date(1704178167000)/",42150,700,5013300,212602000000,-600,true,-1.4
"VCI",134918,"/Date(1704178157000)/",42200,400,5012600,212573000000,-550,false,-1.29
"VCI",134912,"/Date(1704178149000)/",42200,200,5012200,212556000000,-550,false,-1.29
"VCI",134912,"/Date(1704178148000)/",42150,1500,5012000,212548000000,-600,true,-1.4
"VCI",134909,"/Date(1704178148000)/",42150,4000,5010500,212484000000,-600,true,-1.4
"VCI",134856,"/Date(1704178135000)/",42200,900,5006500,212316000000,-550,false,-1.29
"VCI",134856,"/Date(1704178132000)/",42150,1000,5005600,212278000000,-600,true,-1.4
"VCI",134846,"/Date(1704178126000)/",42150,3000,5004600,212236000000,-600,true,-1.4
"VCI",134846,"/Date(1704178123000)/",42150,2000,5001600,212109000000,-600,true,-1.4
"VCI",134843,"/Date(1704178121000)/",42150,1000,4999600,212025000000,-600,true,-1.4
"VCI",134830,"/Date(1704178108000)/",42200,1700,4998600,211983000000,-550,false,-1.29
"VCI",134827,"/Date(1704178104000)/",42200,1000,4996900,211911000000,-550,false,-1.29
"VCI",134818,"/Date(1704178094000)/",42150,300,4995900,211869000000,-600,true,-1.4
"VCI",134818,"/Date(1704178094000)/",42150,700,4995600,211856000000,-600,true,-1.4
"VCI",134811,"/Date(1704178088000)/",42150,100,4994900,211827000000,-600,true,-1.4
"VCI",134802,"/Date(1704178080000)/",42200,4000,4994800,211822000000,-550,false,-1.29
"VCI",134752,"/Date(1704178069000)/",42150,200,4990800,211654000000,-600,true,-1.4
"VCI",134749,"/Date(1704178065000)/",42200,1400,4990600,211645000000,-550,false,-1.29
"VCI",134733,"/Date(1704178051000)/",42200,600,4989200,211586000000,-550,false,-1.29
"VCI",134733,"/Date(1704178051000)/",42150,2400,4988600,211561000000,-600,false,-1.4
"VCI",134733,"/Date(1704178051000)/",42150,300,4986200,211460000000,-600,false,-1.4
"VCI",134733,"/Date(1704178051000)/",42150,100,4985900,211447000000,-600,false,-1.4
"VCI",134730,"/Date(1704178049000)/",42150,200,4985800,211443000000,-600,false,-1.4
"VCI",134730,"/Date(1704178049000)/",42150,200,4985600,211434000000,-600,false,-1.4
"VCI",134730,"/Date(1704178049000)/",42150,1800,4985400,211426000000,-600,false,-1.4
"VCI",134730,"/Date(1704178047000)/",42200,100,4983600,211350000000,-550,false,-1.29
"VCI",134726,"/Date(1704178044000)/",42150,1000,4983500,211346000000,-600,true,-1.4
"VCI",134717,"/Date(1704178034000)/",42150,1000,4982500,211304000000,-600,true,-1.4
"VCI",134714,"/Date(1704178032000)/",42150,1700,4981500,211261000000,-600,true,-1.4
"VCI",134710,"/Date(1704178028000)/",42150,5000,4979800,211190000000,-600,false,-1.4
"VCI",134707,"/Date(1704178026000)/",42150,500,4974800,210979000000,-600,true,-1.4
"VCI",134707,"/Date(1704178026000)/",42150,200,4974300,210958000000,-600,true,-1.4
"VCI",134707,"/Date(1704178026000)/",42150,1000,4974100,210950000000,-600,true,-1.4
"VCI",134707,"/Date(1704178026000)/",42150,2000,4973100,210907000000,-600,true,-1.4
"VCI",134707,"/Date(1704178026000)/",42150,500,4971100,210823000000,-600,true,-1.4
"VCI",134707,"/Date(1704178026000)/",42150,1000,4970600,210802000000,-600,true,-1.4
"VCI",134707,"/Date(1704178026000)/",42150,1000,4969600,210760000000,-600,true,-1.4
"VCI",134707,"/Date(1704178026000)/",42150,300,4968600,210718000000,-600,true,-1.4
"VCI",134707,"/Date(1704178026000)/",42150,2000,4968300,210705000000,-600,true,-1.4
"VCI",134707,"/Date(1704178026000)/",42150,4000,4966300,210621000000,-600,true,-1.4
"VCI",134707,"/Date(1704178026000)/",42150,800,4962300,210452000000,-600,true,-1.4
"VCI",134651,"/Date(1704178010000)/",42150,500,4961500,210418000000,-600,true,-1.4
"VCI",134651,"/Date(1704178010000)/",42150,2000,4961000,210397000000,-600,true,-1.4
"VCI",134651,"/Date(1704178010000)/",42150,700,4959000,210313000000,-600,true,-1.4
"VCI",134651,"/Date(1704178010000)/",42150,300,4958300,210284000000,-600,true,-1.4
"VCI",134651,"/Date(1704178010000)/",42150,100,4958000,210271000000,-600,true,-1.4
"VCI",134651,"/Date(1704178010000)/",42150,200,4957900,210267000000,-600,true,-1.4
"VCI",134651,"/Date(1704178010000)/",42150,3000,4957700,210258000000,-600,true,-1.4
"VCI",134651,"/Date(1704178010000)/",42150,1000,4954700,210132000000,-600,true,-1.4
"VCI",134651,"/Date(1704178010000)/",42150,1000,4953700,210090000000,-600,true,-1.4
"VCI",134651,"/Date(1704178010000)/",42150,200,4952700,210048000000,-600,true,-1.4
"VCI",134651,"/Date(1704178010000)/",42150,100,4952500,210039000000,-600,true,-1.4
"VCI",134651,"/Date(1704178010000)/",42150,4000,4952400,210035000000,-600,true,-1.4
"VCI",134651,"/Date(1704178010000)/",42150,100,4948400,209866000000,-600,true,-1.4
"VCI",134645,"/Date(1704178004000)/",42150,1500,4948300,209862000000,-600,true,-1.4
"VCI",134645,"/Date(1704178002000)/",42200,300,4946800,209799000000,-550,false,-1.29
"VCI",134639,"/Date(1704177996000)/",42150,3000,4946500,209786000000,-600,true,-1.4
"VCI",134635,"/Date(1704177993000)/",42200,2000,4943500,209660000000,-550,false,-1.29
"VCI",134623,"/Date(1704177981000)/",42150,1400,4941500,209575000000,-600,true,-1.4
"VCI",134616,"/Date(1704177975000)/",42200,6000,4940100,209516000000,-550,false,-1.29
"VCI",134616,"/Date(1704177973000)/",42150,1000,4934100,209263000000,-600,true,-1.4
"VCI",134613,"/Date(1704177971000)/",42150,400,4933100,209221000000,-600,true,-1.4
"VCI",134613,"/Date(1704177970000)/",42150,2600,4932700,209204000000,-600,true,-1.4
"VCI",134613,"/Date(1704177970000)/",42150,1000,4930100,209095000000,-600,true,-1.4
"VCI",134613,"/Date(1704177970000)/",42150,200,4929100,209052000000,-600,true,-1.4
"VCI",134613,"/Date(1704177970000)/",42150,100,4928900,209044000000,-600,true,-1.4
"VCI",134613,"/Date(1704177970000)/",42150,1000,4928800,209040000000,-600,true,-1.4
"VCI",134613,"/Date(1704177970000)/",42150,100,4927800,208998000000,-600,true,-1.4
"VCI",134607,"/Date(1704177964000)/",42200,500,4927700,208993000000,-550,false,-1.29
"VCI",134557,"/Date(1704177955000)/",42200,200,4927200,208972000000,-550,false,-1.29
"VCI",134554,"/Date(1704177951000)/",42200,1000,4927000,208964000000,-550,false,-1.29
"VCI",134547,"/Date(1704177946000)/",42200,300,4926000,208922000000,-550,true,-1.29
"VCI",134547,"/Date(1704177946000)/",42200,1000,4925700,208909000000,-550,true,-1.29
"VCI",134547,"/Date(1704177946000)/",42200,6000,4924700,208867000000,-550,true,-1.29
"VCI",134547,"/Date(1704177946000)/",42200,1000,4918700,208614000000,-550,true,-1.29
"VCI",134547,"/Date(1704177946000)/",42200,10000,4917700,208571000000,-550,true,-1.29
"VCI",134547,"/Date(1704177946000)/",42200,200,4907700,208149000000,-550,true,-1.29
"VCI",134547,"/Date(1704177946000)/",42200,500,4907500,208141000000,-550,true,-1.29
"VCI",134547,"/Date(1704177946000)/",42200,200,4907000,208120000000,-550,true,-1.29
"VCI",134547,"/Date(1704177946000)/",42200,2000,4906800,208111000000,-550,true,-1.29
"VCI",134547,"/Date(1704177946000)/",42200,800,4904800,208027000000,-550,true,-1.29
"VCI",134547,"/Date(1704177946000)/",42200,100,4904000,207993000000,-550,true,-1.29
"VCI",134547,"/Date(1704177946000)/",42200,2000,4903900,207989000000,-550,true,-1.29
"VCI",134547,"/Date(1704177946000)/",42200,1300,4901900,207905000000,-550,true,-1.29
"VCI",134547,"/Date(1704177946000)/",42200,5000,4900600,207850000000,-550,true,-1.29
"VCI",134547,"/Date(1704177946000)/",42200,200,4895600,207639000000,-550,true,-1.29
"VCI",134547,"/Date(1704177946000)/",42200,3500,4895400,207630000000,-550,true,-1.29
"VCI",134547,"/Date(1704177946000)/",42200,500,4891900,207483000000,-550,true,-1.29
"VCI",134547,"/Date(1704177946000)/",42200,300,4891400,207462000000,-550,true,-1.29
"VCI",134547,"/Date(1704177946000)/",42200,300,4891100,207449000000,-550,true,-1.29
"VCI",134547,"/Date(1704177946000)/",42200,20600,4890800,207436000000,-550,true,-1.29
"VCI",134506,"/Date(1704177902000)/",42250,600,4870200,206567000000,-500,false,-1.17
"VCI",134453,"/Date(1704177890000)/",42200,100,4869600,206542000000,-550,true,-1.29
"VCI",134424,"/Date(1704177862000)/",42200,500,4869500,206537000000,-550,true,-1.29
"VCI",134424,"/Date(1704177860000)/",42250,5000,4869000,206516000000,-500,false,-1.17
"VCI",134418,"/Date(1704177854000)/",42250,500,4864000,206305000000,-500,false,-1.17
"VCI",134411,"/Date(1704177850000)/",42250,300,4863500,206284000000,-500,false,-1.17
"VCI",134411,"/Date(1704177849000)/",42250,100,4863200,206271000000,-500,false,-1.17
"VCI",134405,"/Date(1704177843000)/",42250,100,4863100,206267000000,-500,false,-1.17
"VCI",134336,"/Date(1704177814000)/",42250,100,4863000,206263000000,-500,false,-1.17
"VCI",134317,"/Date(1704177795000)/",42200,800,4862900,206258000000,-550,true,-1.29
"VCI",134314,"/Date(1704177793000)/",42250,700,4862100,206225000000,-500,false,-1.17
"VCI",134314,"/Date(1704177793000)/",42250,1500,4861400,206195000000,-500,false,-1.17
"VCI",134301,"/Date(1704177778000)/",42250,500,4859900,206132000000,-500,false,-1.17
"VCI",134235,"/Date(1704177753000)/",42250,200,4859400,206111000000,-500,false,-1.17
"VCI",134229,"/Date(1704177747000)/",42250,100,4859200,206102000000,-500,false,-1.17
"VCI",134216,"/Date(1704177732000)/",42250,1000,4859100,206098000000,-500,false,-1.17
"VCI",134216,"/Date(1704177732000)/",42250,500,4858100,206056000000,-500,false,-1.17
"VCI",134213,"/Date(1704177729000)/",42250,4000,4857600,206035000000,-500,false,-1.17
"VCI",134206,"/Date(1704177725000)/",42250,3000,4853600,205866000000,-500,false,-1.17
"VCI",134206,"/Date(1704177724000)/",42250,1000,4850600,205739000000,-500,false,-1.17
"VCI",134200,"/Date(1704177717000)/",42250,500,4849600,205697000000,-500,false,-1.17
"VCI",134157,"/Date(1704177713000)/",42250,900,4849100,205675000000,-500,false,-1.17
"VCI",134157,"/Date(1704177713000)/",42200,2900,4848200,205637000000,-550,true,-1.29
"VCI",134153,"/Date(1704177711000)/",42250,1700,4845300,205515000000,-500,false,-1.17
"VCI",134147,"/Date(1704177706000)/",42250,100,4843600,205443000000,-500,true,-1.17
"VCI",134147,"/Date(1704177704000)/",42250,3000,4843500,205439000000,-500,true,-1.17
"VCI",134147,"/Date(1704177704000)/",42250,2000,4840500,205312000000,-500,true,-1.17
"VCI",134118,"/Date(1704177677000)/",42250,1000,4838500,205228000000,-500,false,-1.17
"VCI",134118,"/Date(1704177677000)/",42250,200,4837500,205186000000,-500,false,-1.17
"VCI",134118,"/Date(1704177677000)/",42250,8500,4837300,205177000000,-500,false,-1.17
"VCI",134118,"/Date(1704177676000)/",42250,1500,4828800,204818000000,-500,false,-1.17
"VCI",134118,"/Date(1704177676000)/",42250,200,4827300,204755000000,-500,false,-1.17
"VCI",134118,"/Date(1704177676000)/",42250,1000,4827100,204746000000,-500,false,-1.17
"VCI",134118,"/Date(1704177676000)/",42250,500,4826100,204704000000,-500,false,-1.17
"VCI",134118,"/Date(1704177676000)/",42250,500,4825600,204683000000,-500,false,-1.17
"VCI",134112,"/Date(1704177669000)/",42250,100,4825100,204662000000,-500,false,-1.17
"VCI",134109,"/Date(1704177666000)/",42250,400,4825000,204657000000,-500,false,-1.17
"VCI",134109,"/Date(1704177666000)/",42250,100,4824600,204640000000,-500,false,-1.17
"VCI",134109,"/Date(1704177666000)/",42250,500,4824500,204636000000,-500,false,-1.17
"VCI",134102,"/Date(1704177661000)/",42250,1500,4824000,204615000000,-500,false,-1.17
"VCI",134102,"/Date(1704177661000)/",42250,3500,4822500,204552000000,-500,false,-1.17
"VCI",134056,"/Date(1704177654000)/",42250,20000,4819000,204404000000,-500,false,-1.17
"VCI",134049,"/Date(1704177647000)/",42200,5000,4799000,203559000000,-550,true,-1.29
"VCI",134043,"/Date(1704177641000)/",42250,2500,4794000,203348000000,-500,false,-1.17
"VCI",134037,"/Date(1704177634000)/",42250,500,4791500,203242000000,-500,false,-1.17
"VCI",134014,"/Date(1704177613000)/",42250,200,4791000,203221000000,-500,false,-1.17
"VCI",133955,"/Date(1704177592000)/",42250,3200,4790800,203213000000,-500,true,-1.17
"VCI",133955,"/Date(1704177592000)/",42250,100,4787600,203077000000,-500,true,-1.17
"VCI",133952,"/Date(1704177589000)/",42250,3900,4787500,203073000000,-500,true,-1.17
"VCI",133952,"/Date(1704177589000)/",42250,100,4783600,202908000000,-500,true,-1.17
"VCI",133933,"/Date(1704177571000)/",42250,900,4783500,202904000000,-500,true,-1.17
"VCI",133933,"/Date(1704177571000)/",42250,100,4782600,202866000000,-500,true,-1.17
"VCI",133926,"/Date(1704177554000)/",42250,10000,4782500,202862000000,-500,true,-1.17
"VCI",133926,"/Date(1704177554000)/",42250,20000,4772500,202440000000,-500,true,-1.17
"VCI",133926,"/Date(1704177554000)/",42250,5000,4752500,201595000000,-500,true,-1.17
"VCI",133926,"/Date(1704177554000)/",42250,1000,4747500,201383000000,-500,true,-1.17
"VCI",133926,"/Date(1704177554000)/",42250,10000,4746500,201341000000,-500,true,-1.17
"VCI",133926,"/Date(1704177554000)/",42250,2000,4736500,200919000000,-500,true,-1.17
"VCI",133926,"/Date(1704177554000)/",42250,3900,4734500,200834000000,-500,true,-1.17
"VCI",133914,"/Date(1704177552000)/",42250,400,4730600,200669000000,-500,false,-1.17
"VCI",133907,"/Date(1704177545000)/",42200,1300,4730200,200652000000,-550,true,-1.29
"VCI",133901,"/Date(1704177539000)/",42200,1500,4728900,200597000000,-550,false,-1.29
"VCI",133901,"/Date(1704177539000)/",42200,15300,4727400,200534000000,-550,false,-1.29
"VCI",133854,"/Date(1704177532000)/",42150,2300,4712100,199889000000,-600,true,-1.4
"VCI",133854,"/Date(1704177532000)/",42150,3000,4709800,199792000000,-600,true,-1.4
"VCI",133854,"/Date(1704177532000)/",42150,1000,4706800,199665000000,-600,true,-1.4
"VCI",133854,"/Date(1704177532000)/",42150,1300,4705800,199623000000,-600,true,-1.4
"VCI",133854,"/Date(1704177532000)/",42150,2000,4704500,199568000000,-600,true,-1.4
"VCI",133854,"/Date(1704177532000)/",42150,1000,4702500,199484000000,-600,true,-1.4
"VCI",133854,"/Date(1704177532000)/",42150,500,4701500,199442000000,-600,true,-1.4
"VCI",133854,"/Date(1704177532000)/",42150,1000,4701000,199421000000,-600,true,-1.4
"VCI",133854,"/Date(1704177532000)/",42150,1000,4700000,199379000000,-600,true,-1.4
"VCI",133854,"/Date(1704177532000)/",42150,1000,4699000,199336000000,-600,true,-1.4
"VCI",133854,"/Date(1704177532000)/",42150,15000,4698000,199294000000,-600,true,-1.4
"VCI",133854,"/Date(1704177532000)/",42150,400,4683000,198662000000,-600,true,-1.4
"VCI",133854,"/Date(1704177532000)/",42150,100,4682600,198645000000,-600,true,-1.4
"VCI",133854,"/Date(1704177532000)/",42150,100,4682500,198641000000,-600,true,-1.4
"VCI",133854,"/Date(1704177532000)/",42150,500,4682400,198637000000,-600,true,-1.4
"VCI",133854,"/Date(1704177532000)/",42150,500,4681900,198616000000,-600,true,-1.4
"VCI",133854,"/Date(1704177532000)/",42150,1000,4681400,198595000000,-600,true,-1.4
"VCI",133854,"/Date(1704177532000)/",42150,100,4680400,198552000000,-600,true,-1.4
"VCI",133854,"/Date(1704177532000)/",42150,200,4680300,198548000000,-600,true,-1.4
"VCI",133854,"/Date(1704177532000)/",42150,1000,4680100,198540000000,-600,true,-1.4
