"price","change","match_qtty","side","time","total_vol"
16.3,0.25,57700,"","14:45:00",3409600
16.3,0.25,3200,"sd","14:29:46",3351900
16.3,0.25,1000,"sd","14:29:42",3348700
16.3,0.25,2400,"sd","14:29:35",3347700
16.35,0.3,200,"bu","14:29:15",3345300
16.35,0.3,1000,"bu","14:29:01",3345100
16.3,0.25,5000,"sd","14:29:01",3344100
16.3,0.25,6300,"sd","14:28:52",3339100
16.3,0.25,800,"sd","14:28:51",3332800
16.3,0.25,5000,"sd","14:28:47",3332000
16.3,0.25,4300,"bu","14:28:46",3327000
16.3,0.25,700,"sd","14:28:37",3322700
16.3,0.25,100,"sd","14:28:36",3322000
16.3,0.25,9200,"bu","14:28:33",3321900
16.25,0.2,5000,"sd","14:28:24",3312700
16.3,0.25,4800,"sd","14:28:23",3307700
16.3,0.25,1000,"sd","14:28:17",3302900
16.3,0.25,400,"sd","14:28:13",3301900
16.3,0.25,3800,"sd","14:28:12",3301500
16.3,0.25,2000,"sd","14:28:11",3297700
16.3,0.25,2200,"sd","14:28:08",3295700
16.3,0.25,1000,"sd","14:27:58",3293500
16.3,0.25,3300,"sd","14:27:51",3292500
16.3,0.25,3000,"sd","14:27:45",3289200
16.3,0.25,29000,"bu","14:27:42",3286200
16.25,0.2,2300,"sd","14:27:33",3257200
16.25,0.2,2700,"sd","14:27:17",3254900
16.3,0.25,35700,"sd","14:27:08",3252200
16.3,0.25,9300,"sd","14:27:08",3216500
16.3,0.25,9600,"sd","14:27:07",3207200
16.3,0.25,7500,"sd","14:27:03",3197600
16.3,0.25,16500,"sd","14:27:02",3190100
16.3,0.25,800,"sd","14:26:58",3173600
16.3,0.25,1000,"sd","14:26:54",3172800
16.3,0.25,300,"sd","14:26:37",3171800
16.35,0.3,1000,"bu","14:26:36",3171500
16.3,0.25,3000,"sd","14:26:24",3170500
16.35,0.3,200,"bu","14:26:19",3167500
16.35,0.3,100,"bu","14:25:35",3167300
16.35,0.3,4000,"bu","14:25:28",3167200
16.3,0.25,1000,"sd","14:25:25",3163200
16.3,0.25,5000,"sd","14:25:04",3162200
16.3,0.25,1000,"sd","14:24:36",3157200
16.35,0.3,400,"sd","14:24:28",3156200
16.35,0.3,200,"sd","14:24:23",3155800
16.35,0.3,400,"bu","14:24:18",3155600
16.35,0.3,4600,"sd","14:24:17",3155200
16.35,0.3,10000,"sd","14:24:16",3150600
16.35,0.3,1400,"sd","14:24:08",3140600
16.35,0.3,500,"sd","14:24:06",3139200
16.35,0.3,10000,"sd","14:23:59",3138700
16.35,0.3,1000,"sd","14:23:38",3128700
16.35,0.3,7000,"sd","14:23:16",3127700
16.35,0.3,500,"sd","14:23:12",3120700
16.4,0.35,100,"bu","14:23:10",3120200
16.35,0.3,10000,"sd","14:22:32",3120100
16.4,0.35,100,"bu","14:22:31",3110100
16.4,0.35,200,"bu","14:22:25",3110000
16.4,0.35,1000,"bu","14:21:44",3109800
16.4,0.35,5700,"sd","14:21:38",3108800
16.4,0.35,100,"sd","14:21:37",3103100
16.4,0.35,50000,"sd","14:21:32",3103000
16.4,0.35,5000,"sd","14:21:26",3053000
16.4,0.35,10000,"sd","14:20:40",3048000
16.4,0.35,2000,"sd","14:20:37",3038000
16.4,0.35,8000,"sd","14:20:31",3036000
16.4,0.35,5000,"sd","14:19:56",3028000
16.4,0.35,1000,"sd","14:19:44",3023000
16.4,0.35,5000,"sd","14:19:42",3022000
16.45,0.4,1000,"bu","14:19:38",3017000
16.4,0.35,3500,"sd","14:19:19",3016000
16.45,0.4,5000,"bu","14:19:17",3012500
16.4,0.35,1000,"sd","14:18:59",3007500
16.4,0.35,100,"sd","14:18:31",3006500
16.4,0.35,100,"sd","14:18:10",3006400
16.45,0.4,500,"bu","14:18:07",3006300
16.4,0.35,20000,"sd","14:16:19",3005800
16.4,0.35,51800,"sd","14:15:57",2985800
16.45,0.4,12200,"sd","14:15:57",2934000
16.45,0.4,11600,"sd","14:15:51",2921800
16.45,0.4,5000,"sd","14:15:48",2910200
16.45,0.4,200,"sd","14:15:27",2905200
16.45,0.4,1000,"sd","14:15:23",2905000
16.45,0.4,7300,"sd","14:15:02",2904000
16.45,0.4,500,"sd","14:14:19",2896700
16.5,0.45,5000,"bu","14:13:31",2896200
16.45,0.4,100,"sd","14:13:26",2891200
16.45,0.4,1000,"sd","14:13:13",2891100
16.45,0.4,500,"sd","14:12:45",2890100
16.45,0.4,5000,"sd","14:12:20",2889600
16.45,0.4,100,"sd","14:11:58",2884600
16.45,0.4,1000,"sd","14:11:48",2884500
16.45,0.4,30500,"bu","14:11:40",2883500
16.45,0.4,2000,"bu","14:11:02",2853000
16.45,0.4,23900,"sd","14:10:55",2851000
16.5,0.45,500,"bu","14:10:53",2827100
16.45,0.4,500,"sd","14:10:38",2826600
16.45,0.4,9800,"sd","14:09:42",2826100
16.45,0.4,300,"sd","14:09:39",2816300
16.45,0.4,500,"sd","14:09:32",2816000
16.45,0.4,100,"sd","14:09:17",2815500
16.45,0.4,2200,"sd","14:09:08",2815400
16.45,0.4,100,"sd","14:08:53",2813200
16.45,0.4,3200,"sd","14:08:51",2813100
16.45,0.4,500,"sd","14:08:03",2809900
16.45,0.4,500,"sd","14:07:16",2809400
16.45,0.4,500,"sd","14:06:55",2808900
16.45,0.4,600,"sd","14:06:35",2808400
16.45,0.4,1100,"sd","14:06:25",2807800
16.45,0.4,4500,"sd","14:05:49",2806700
16.45,0.4,100,"sd","14:05:12",2802200
16.5,0.45,300,"bu","14:04:32",2802100
16.5,0.45,7800,"bu","14:03:33",2801800
16.45,0.4,13700,"bu","14:02:34",2794000
16.4,0.35,100,"sd","14:02:01",2780300
16.45,0.4,1000,"bu","14:01:40",2780200
16.45,0.4,1000,"bu","14:01:22",2779200
16.45,0.4,500,"bu","14:00:27",2778200
16.45,0.4,5000,"bu","14:00:17",2777700
16.4,0.35,7000,"sd","14:00:03",2772700
16.45,0.4,1000,"bu","13:59:45",2765700
16.45,0.4,500,"bu","13:59:43",2764700
16.45,0.4,10600,"sd","13:59:33",2764200
16.45,0.4,1100,"sd","13:59:29",2753600
16.45,0.4,8300,"bu","13:57:50",2752500
16.45,0.4,100,"bu","13:57:08",2744200
16.45,0.4,300,"bu","13:56:50",2744100
16.45,0.4,1000,"bu","13:56:48",2743800
16.45,0.4,2000,"bu","13:56:20",2742800
16.45,0.4,1000,"bu","13:56:13",2740800
16.45,0.4,5000,"bu","13:56:09",2739800
16.45,0.4,1100,"bu","13:55:59",2734800
16.4,0.35,200,"sd","13:55:33",2733700
16.45,0.4,1000,"bu","13:54:31",2733500
16.45,0.4,2300,"bu","13:54:20",2732500
16.45,0.4,200,"bu","13:54:15",2730200
16.45,0.4,1000,"bu","13:53:40",2730000
16.45,0.4,1000,"bu","13:53:11",2729000
16.45,0.4,100,"bu","13:52:55",2728000
16.45,0.4,1000,"bu","13:52:37",2727900
16.45,0.4,100,"bu","13:52:21",2726900
16.45,0.4,200,"sd","13:52:01",2726800
16.45,0.4,100,"bu","13:50:48",2726600
16.45,0.4,500,"sd","13:50:45",2726500
16.45,0.4,500,"sd","13:50:39",2726000
16.45,0.4,3000,"sd","13:50:29",2725500
16.45,0.4,2000,"bu","13:50:26",2722500
16.45,0.4,300,"bu","13:50:05",2720500
16.45,0.4,800,"sd","13:50:04",2720200
16.45,0.4,200,"sd","13:49:50",2719400
16.45,0.4,6700,"sd","13:49:39",2719200
16.45,0.4,5800,"sd","13:49:19",2712500
16.45,0.4,2000,"sd","13:48:10",2706700
16.45,0.4,2000,"sd","13:47:47",2704700
16.45,0.4,500,"sd","13:47:38",2702700
16.45,0.4,39400,"sd","13:47:12",2702200
16.45,0.4,300,"sd","13:47:07",2662800
16.45,0.4,2100,"sd","13:47:05",2662500
16.45,0.4,2000,"sd","13:47:03",2660400
16.45,0.4,10000,"sd","13:46:05",2658400
16.5,0.45,1600,"bu","13:45:58",2648400
16.5,0.45,3000,"bu","13:45:58",2646800
16.45,0.4,4000,"sd","13:45:49",2643800
16.45,0.4,3000,"sd","13:45:44",2639800
16.45,0.4,2000,"sd","13:45:35",2636800
16.45,0.4,3000,"sd","13:44:31",2634800
16.45,0.4,500,"sd","13:44:29",2631800
16.45,0.4,1700,"sd","13:44:09",2631300
16.45,0.4,3000,"sd","13:43:33",2629600
16.45,0.4,1000,"sd","13:39:20",2626600
16.45,0.4,100,"sd","13:38:54",2625600
16.45,0.4,100,"sd","13:36:33",2625500
16.45,0.4,500,"sd","13:36:06",2625400
16.5,0.45,500,"sd","13:36:06",2624900
16.5,0.45,1500,"bu","13:36:02",2624400
16.5,0.45,500,"sd","13:35:56",2622900
16.5,0.45,3800,"bu","13:35:46",2622400
16.5,0.45,8000,"bu","13:35:40",2618600
16.5,0.45,1000,"bu","13:35:39",2610600
16.5,0.45,1000,"bu","13:35:30",2609600
16.5,0.45,100,"bu","13:35:28",2608600
16.5,0.45,1500,"bu","13:35:10",2608500
16.5,0.45,1100,"bu","13:34:53",2607000
16.5,0.45,500,"sd","13:34:27",2605900
16.5,0.45,1000,"sd","13:33:46",2605400
16.5,0.45,30000,"sd","13:33:42",2604400
16.5,0.45,3200,"sd","13:33:33",2574400
16.55,0.5,2000,"bu","13:32:33",2571200
16.55,0.5,400,"bu","13:32:27",2569200
16.55,0.5,3000,"bu","13:31:56",2568800
16.5,0.45,500,"sd","13:31:45",2565800
16.5,0.45,300,"sd","13:31:04",2565300
16.5,0.45,100,"sd","13:30:57",2565000
16.5,0.45,100,"sd","13:30:40",2564900
16.5,0.45,4200,"bu","13:30:11",2564800
16.5,0.45,400,"bu","13:30:08",2560600
16.5,0.45,5300,"bu","13:30:02",2560200
16.5,0.45,10000,"bu","13:30:00",2554900
16.5,0.45,100,"bu","13:29:52",2544900
16.5,0.45,100,"bu","13:28:47",2544800
16.5,0.45,5000,"bu","13:28:22",2544700
16.5,0.45,500,"bu","13:28:10",2539700
16.5,0.45,500,"bu","13:27:58",2539200
16.5,0.45,300,"bu","13:27:52",2538700
16.5,0.45,200,"bu","13:27:49",2538400
16.5,0.45,10000,"bu","13:27:37",2538200
16.5,0.45,1000,"bu","13:27:25",2528200
16.5,0.45,500,"bu","13:27:20",2527200
16.5,0.45,1100,"bu","13:27:20",2526700
16.5,0.45,1000,"bu","13:27:13",2525600
16.5,0.45,1000,"bu","13:27:04",2524600
16.5,0.45,1000,"bu","13:26:59",2523600
16.5,0.45,1000,"bu","13:26:27",2522600
16.5,0.45,2000,"bu","13:26:23",2521600
16.5,0.45,1000,"bu","13:26:19",2519600
16.5,0.45,1000,"bu","13:25:56",2518600
16.5,0.45,500,"bu","13:25:46",2517600
16.5,0.45,400,"bu","13:25:45",2517100
16.5,0.45,1000,"bu","13:25:35",2516700
16.5,0.45,1000,"bu","13:25:25",2515700
16.5,0.45,800,"bu","13:25:11",2514700
16.5,0.45,2000,"bu","13:24:49",2513900
16.5,0.45,100,"bu","13:24:29",2511900
16.45,0.4,1000,"sd","13:24:03",2511800
16.5,0.45,1000,"bu","13:24:01",2510800
16.5,0.45,500,"bu","13:23:32",2509800
16.45,0.4,800,"sd","13:23:24",2509300
16.45,0.4,300,"sd","13:23:17",2508500
16.45,0.4,500,"sd","13:21:06",2508200
16.45,0.4,100,"sd","13:20:50",2507700
16.45,0.4,10000,"sd","13:20:26",2507600
16.5,0.45,500,"bu","13:20:05",2497600
16.5,0.45,1000,"bu","13:19:18",2497100
16.45,0.4,5000,"sd","13:19:12",2496100
16.5,0.45,1000,"bu","13:18:48",2491100
16.5,0.45,5500,"bu","13:18:31",2490100
16.45,0.4,100,"sd","13:18:17",2484600
16.45,0.4,2000,"sd","13:18:04",2484500
16.5,0.45,1000,"bu","13:17:57",2482500
16.45,0.4,800,"sd","13:17:51",2481500
16.5,0.45,600,"bu","13:17:50",2480700
16.5,0.45,5000,"bu","13:17:15",2480100
16.5,0.45,700,"bu","13:17:05",2475100
16.5,0.45,4000,"bu","13:16:50",2474400
16.45,0.4,1000,"sd","13:16:41",2470400
16.45,0.4,500,"sd","13:16:24",2469400
16.5,0.45,5000,"bu","13:16:21",2468900
16.5,0.45,1000,"bu","13:16:02",2463900
16.5,0.45,100,"bu","13:15:43",2462900
16.45,0.4,100,"sd","13:15:33",2462800
16.5,0.45,500,"bu","13:14:54",2462700
16.5,0.45,100,"bu","13:14:39",2462200
16.45,0.4,400,"sd","13:14:00",2462100
16.5,0.45,9400,"bu","13:13:58",2461700
16.45,0.4,200,"sd","13:12:46",2452300
16.45,0.4,1000,"sd","13:12:40",2452100
16.45,0.4,300,"sd","13:12:38",2451100
16.45,0.4,1000,"sd","13:12:32",2450800
16.45,0.4,100,"sd","13:12:01",2449800
16.45,0.4,4000,"sd","13:11:24",2449700
16.45,0.4,200,"sd","13:11:02",2445700
16.5,0.45,3000,"bu","13:10:46",2445500
16.5,0.45,200,"sd","13:10:22",2442500
16.5,0.45,200,"sd","13:10:18",2442300
16.5,0.45,5000,"sd","13:10:11",2442100
16.5,0.45,2000,"sd","13:09:58",2437100
16.5,0.45,9500,"sd","13:09:47",2435100
16.5,0.45,100,"sd","13:09:32",2425600
16.5,0.45,17100,"bu","13:09:26",2425500
16.5,0.45,8200,"sd","13:08:19",2408400
16.5,0.45,5100,"sd","13:08:17",2400200
16.5,0.45,3700,"sd","13:08:16",2395100
16.5,0.45,200,"sd","13:08:14",2391400
16.5,0.45,900,"sd","13:08:12",2391200
16.5,0.45,500,"sd","13:08:08",2390300
16.5,0.45,43900,"sd","13:08:05",2384800
16.5,0.45,200,"sd","13:07:49",2340900
16.5,0.45,500,"sd","13:07:46",2340700
16.5,0.45,3000,"sd","13:07:44",2340200
16.5,0.45,2500,"sd","13:07:41",2337200
16.5,0.45,200,"sd","13:07:40",2334700
16.5,0.45,100,"sd","13:07:26",2334500
16.5,0.45,3000,"sd","13:07:17",2334400
16.5,0.45,1000,"sd","13:07:00",2331400
16.5,0.45,300,"sd","13:06:58",2330400
16.5,0.45,38800,"sd","13:06:49",2330100
16.5,0.45,100,"sd","13:06:17",2291300
16.5,0.45,1000,"sd","13:06:16",2291200
16.5,0.45,200,"sd","13:06:12",2290200
16.5,0.45,100,"sd","13:06:09",2290000
16.5,0.45,100,"sd","13:06:05",2289900
16.5,0.45,300,"sd","13:06:04",2289800
16.5,0.45,1000,"sd","13:05:40",2289500
16.5,0.45,500,"sd","13:05:19",2288500
16.5,0.45,100,"sd","13:05:09",2288000
16.55,0.5,20000,"bu","13:04:17",2287900
16.5,0.45,2000,"sd","13:04:03",2267900
16.5,0.45,100,"sd","13:03:55",2265900
16.5,0.45,1000,"sd","13:03:48",2265800
16.5,0.45,2000,"sd","13:03:44",2264800
16.5,0.45,500,"sd","13:03:18",2262800
16.5,0.45,7000,"sd","13:03:12",2262300
16.5,0.45,100,"sd","13:02:55",2255300
16.55,0.5,3600,"bu","13:02:08",2255200
16.5,0.45,5000,"sd","13:01:59",2251600
16.5,0.45,100,"sd","13:01:47",2246600
16.5,0.45,200,"sd","13:01:24",2246500
16.5,0.45,500,"sd","13:01:00",2246300
16.5,0.45,10600,"sd","13:00:50",2245800
16.55,0.5,1600,"bu","13:00:30",2235200
16.5,0.45,200,"sd","13:00:27",2233600
16.55,0.5,3000,"bu","13:00:20",2233400
16.5,0.45,100,"sd","13:00:15",2230200
16.55,0.5,300,"bu","13:00:13",2230100
16.55,0.5,3400,"bu","13:00:10",2229800
16.5,0.45,100,"sd","13:00:08",2226400
16.55,0.5,600,"bu","13:00:08",2226300
16.55,0.5,100,"bu","13:00:07",2225700
16.5,0.45,300,"sd","13:00:05",2225600
16.5,0.45,500,"sd","13:00:02",2225300
16.5,0.45,100,"sd","13:00:00",2224800
16.55,0.5,3600,"bu","13:00:00",2224700
16.55,0.5,5000,"bu","11:29:39",2221100
16.55,0.5,800,"bu","11:28:35",2216100
16.55,0.5,6700,"bu","11:28:10",2215300
16.55,0.5,1400,"bu","11:28:09",2208600
16.55,0.5,100,"bu","11:27:22",2207200
16.55,0.5,6500,"bu","11:26:14",2207100
16.55,0.5,2200,"sd","11:26:07",2200600
16.55,0.5,2000,"sd","11:26:03",2198400
16.55,0.5,500,"sd","11:25:24",2196400
16.55,0.5,100,"sd","11:25:20",2195900
16.55,0.5,10000,"sd","11:25:09",2195800
16.55,0.5,1000,"sd","11:24:48",2185800
16.55,0.5,1300,"sd","11:24:37",2184800
16.55,0.5,1000,"sd","11:24:24",2183500
16.55,0.5,600,"bu","11:23:40",2182500
16.55,0.5,400,"sd","11:23:30",2181900
16.55,0.5,3000,"sd","11:23:17",2181500
16.55,0.5,6600,"bu","11:22:38",2178500
16.55,0.5,20000,"bu","11:22:32",2171900
16.55,0.5,1000,"bu","11:21:27",2151900
16.5,0.45,2000,"sd","11:21:16",2150900
16.5,0.45,200,"sd","11:20:42",2148900
16.55,0.5,3000,"bu","11:19:10",2148700
16.55,0.5,200,"bu","11:19:05",2145700
16.5,0.45,1000,"sd","11:19:01",2145500
16.55,0.5,2800,"bu","11:18:56",2144500
16.55,0.5,1000,"bu","11:17:43",2141700
16.55,0.5,1000,"bu","11:17:22",2140700
16.55,0.5,1000,"bu","11:15:33",2139700
16.5,0.45,100,"sd","11:15:19",2138700
16.55,0.5,4900,"sd","11:13:58",2138600
16.55,0.5,1000,"sd","11:13:41",2133700
16.55,0.5,1000,"sd","11:13:29",2132700
16.55,0.5,500,"sd","11:12:53",2131700
16.55,0.5,100,"sd","11:12:42",2131200
16.55,0.5,2800,"sd","11:12:36",2131100
16.55,0.5,100,"sd","11:12:02",2128300
16.55,0.5,2000,"sd","11:11:57",2128200
16.55,0.5,1000,"sd","11:11:46",2126200
16.55,0.5,21800,"bu","11:11:37",2125200
16.5,0.45,100,"sd","11:11:05",2103400
16.5,0.45,100,"sd","11:10:45",2103300
16.55,0.5,5000,"bu","11:09:50",2103200
16.55,0.5,600,"bu","11:09:49",2098200
16.55,0.5,100,"bu","11:09:23",2097600
16.55,0.5,500,"bu","11:08:58",2097500
16.5,0.45,200,"sd","11:08:50",2097000
16.55,0.5,4200,"sd","11:08:05",2096700
16.55,0.5,1000,"sd","11:08:03",2092500
16.55,0.5,800,"bu","11:07:53",2091500
16.55,0.5,300,"sd","11:07:37",2090700
16.55,0.5,8000,"sd","11:07:14",2090400
16.6,0.55,5000,"bu","11:07:09",2082400
16.55,0.5,20000,"sd","11:06:43",2077400
16.55,0.5,9000,"sd","11:06:15",2057400
16.55,0.5,4500,"sd","11:06:09",2048400
16.55,0.5,1700,"sd","11:05:52",2043900
16.55,0.5,9700,"bu","11:05:46",2042200
16.55,0.5,2000,"bu","11:05:42",2032500
16.55,0.5,12400,"bu","11:05:40",2030500
16.55,0.5,30000,"bu","11:05:40",2018100
16.55,0.5,300,"bu","11:05:22",1988100
16.55,0.5,300,"bu","11:05:13",1987800
16.55,0.5,16100,"bu","11:05:01",1984500
16.55,0.5,200,"bu","11:04:57",1968400
16.55,0.5,700,"bu","11:04:51",1968200
16.55,0.5,400,"bu","11:04:48",1967500
16.55,0.5,2200,"bu","11:04:45",1967100
16.55,0.5,100,"bu","11:04:44",1964900
16.55,0.5,100,"bu","11:04:29",1964800
16.55,0.5,300,"bu","11:04:27",1964700
16.55,0.5,100,"bu","11:04:15",1964400
16.55,0.5,200,"bu","11:04:11",1964300
16.55,0.5,600,"bu","11:04:08",1964100
16.55,0.5,4000,"bu","11:04:05",1963500
16.55,0.5,20000,"bu","11:03:47",1959500
16.55,0.5,5000,"bu","11:03:32",1939500
16.55,0.5,1000,"bu","11:03:30",1934500
16.55,0.5,500,"bu","11:03:05",1933500
16.55,0.5,4000,"bu","11:02:45",1933000
16.5,0.45,2000,"sd","11:02:30",1929000
16.55,0.5,1000,"bu","11:02:15",1927000
16.55,0.5,4500,"bu","11:01:27",1926000
16.55,0.5,5000,"bu","11:01:26",1921500
16.55,0.5,300,"bu","11:01:06",1916500
16.5,0.45,3000,"sd","11:00:22",1916200
16.55,0.5,600,"bu","11:00:14",1913200
16.5,0.45,500,"sd","11:00:11",1912600
16.5,0.45,5000,"sd","10:59:59",1912100
16.5,0.45,2200,"sd","10:59:32",1907100
16.5,0.45,200,"sd","10:59:22",1904900
16.5,0.45,100,"sd","10:59:21",1904700
16.5,0.45,400,"sd","10:58:47",1904600
16.5,0.45,3000,"sd","10:58:41",1904200
16.5,0.45,1000,"sd","10:58:20",1901200
16.5,0.45,1900,"sd","10:58:14",1900200
16.5,0.45,400,"sd","10:57:19",1898300
16.5,0.45,1000,"sd","10:57:16",1897900
16.5,0.45,200,"sd","10:57:13",1896900
16.5,0.45,700,"sd","10:56:46",1896700
16.5,0.45,2900,"sd","10:56:42",1896000
16.5,0.45,20000,"sd","10:56:40",1893100
16.5,0.45,500,"sd","10:56:38",1873100
16.5,0.45,1000,"sd","10:56:28",1872600
16.5,0.45,4800,"sd","10:55:37",1871600
16.5,0.45,5300,"sd","10:55:03",1866800
16.5,0.45,300,"sd","10:54:39",1861500
16.5,0.45,100,"sd","10:54:09",1861200
16.5,0.45,1000,"sd","10:53:45",1861100
16.5,0.45,500,"sd","10:53:37",1860100
16.5,0.45,700,"sd","10:53:12",1859600
16.5,0.45,1000,"sd","10:52:44",1858900
16.5,0.45,3000,"sd","10:52:38",1857900
16.5,0.45,3000,"sd","10:52:37",1854900
16.5,0.45,100,"sd","10:52:13",1851900
16.5,0.45,1000,"sd","10:51:52",1851800
16.5,0.45,100,"sd","10:51:07",1850800
16.5,0.45,500,"sd","10:50:28",1850700
16.5,0.45,1000,"sd","10:49:55",1850200
16.5,0.45,1000,"sd","10:49:37",1849200
16.5,0.45,5000,"bu","10:49:35",1848200
16.45,0.4,100,"sd","10:48:33",1843200
16.5,0.45,300,"sd","10:48:33",1843100
16.5,0.45,800,"sd","10:48:27",1842800
16.5,0.45,1500,"sd","10:48:16",1842000
16.5,0.45,1000,"sd","10:48:12",1840500
16.5,0.45,500,"sd","10:48:11",1839500
16.5,0.45,1500,"sd","10:48:04",1839000
16.5,0.45,500,"sd","10:47:56",1837500
16.5,0.45,500,"sd","10:47:48",1837000
16.5,0.45,800,"sd","10:47:45",1836500
16.5,0.45,2000,"sd","10:47:33",1835700
16.5,0.45,8000,"sd","10:47:24",1833700
16.5,0.45,1000,"sd","10:47:14",1825700
16.5,0.45,3000,"sd","10:47:12",1824700
16.5,0.45,10000,"sd","10:47:05",1821700
16.5,0.45,100,"sd","10:47:04",1811700
16.5,0.45,30000,"sd","10:46:33",1811600
16.5,0.45,3000,"sd","10:45:51",1781600
16.5,0.45,3000,"sd","10:44:59",1778600
16.5,0.45,500,"sd","10:43:57",1775600
16.5,0.45,100,"sd","10:43:48",1775100
16.55,0.5,200,"bu","10:43:41",1775000
16.5,0.45,100,"sd","10:43:30",1774800
16.5,0.45,1000,"sd","10:43:06",1774700
16.5,0.45,3000,"sd","10:42:16",1773700
16.5,0.45,100,"sd","10:42:00",1770700
16.5,0.45,1100,"sd","10:41:48",1770600
16.55,0.5,2000,"bu","10:40:33",1769500
16.55,0.5,4000,"bu","10:40:13",1767500
16.55,0.5,100,"bu","10:40:12",1763500
16.55,0.5,4000,"bu","10:39:31",1763400
16.55,0.5,3000,"bu","10:39:30",1759400
16.5,0.45,200,"sd","10:39:04",1756400
16.5,0.45,400,"sd","10:38:57",1756200
16.5,0.45,100,"sd","10:38:55",1755800
16.5,0.45,2100,"sd","10:38:35",1755700
16.5,0.45,200,"sd","10:38:08",1753600
16.5,0.45,1500,"sd","10:38:01",1753400
16.5,0.45,300,"sd","10:37:44",1751900
16.5,0.45,1500,"sd","10:37:35",1751600
16.5,0.45,500,"sd","10:37:10",1750100
16.5,0.45,200,"sd","10:37:05",1749600
16.5,0.45,500,"sd","10:36:48",1749400
16.5,0.45,100,"sd","10:36:15",1748900
16.5,0.45,6000,"sd","10:36:06",1748800
16.5,0.45,1000,"sd","10:35:48",1742800
16.5,0.45,100,"sd","10:35:47",1741800
16.5,0.45,5000,"sd","10:35:38",1741700
16.5,0.45,1000,"sd","10:35:08",1736700
16.5,0.45,1500,"sd","10:34:59",1735700
16.5,0.45,100,"sd","10:34:50",1734200
16.5,0.45,200,"sd","10:34:36",1734100
16.5,0.45,6300,"sd","10:34:32",1733900
16.5,0.45,100,"sd","10:34:30",1727600
16.5,0.45,900,"sd","10:34:28",1727500
16.5,0.45,200,"sd","10:34:20",1726600
16.5,0.45,100,"sd","10:34:02",1726400
16.5,0.45,2000,"sd","10:34:00",1726300
16.5,0.45,3500,"sd","10:33:47",1724300
16.5,0.45,4000,"sd","10:33:46",1720800
16.5,0.45,2000,"sd","10:33:38",1716800
16.5,0.45,2000,"sd","10:33:27",1714800
16.5,0.45,3000,"sd","10:33:16",1712800
16.5,0.45,300,"sd","10:33:09",1709800
16.5,0.45,5000,"sd","10:32:42",1709500
16.5,0.45,1000,"sd","10:32:03",1704500
16.5,0.45,100,"sd","10:31:47",1703500
16.5,0.45,400,"sd","10:31:30",1703400
16.5,0.45,2900,"sd","10:31:24",1703000
16.5,0.45,200,"sd","10:31:18",1700100
16.5,0.45,10000,"sd","10:31:10",1699900
16.5,0.45,500,"sd","10:31:01",1689900
16.5,0.45,2000,"sd","10:30:58",1689400
16.5,0.45,1000,"sd","10:30:38",1687400
16.5,0.45,100,"sd","10:30:21",1686400
16.5,0.45,400,"sd","10:30:13",1686300
16.55,0.5,2000,"bu","10:30:11",1685900
16.5,0.45,1000,"sd","10:30:11",1683900
16.5,0.45,800,"sd","10:29:39",1682900
16.5,0.45,1000,"sd","10:29:33",1682100
16.5,0.45,200,"sd","10:29:25",1681100
16.5,0.45,100,"sd","10:29:22",1680900
16.5,0.45,300,"sd","10:29:14",1680800
16.5,0.45,200,"sd","10:29:12",1680500
16.5,0.45,1000,"sd","10:29:07",1680300
16.5,0.45,500,"sd","10:28:57",1679300
16.5,0.45,100,"sd","10:28:47",1678800
16.5,0.45,200,"sd","10:28:44",1678700
16.5,0.45,300,"sd","10:28:35",1678500
16.5,0.45,1000,"sd","10:28:27",1678200
16.5,0.45,100,"sd","10:28:14",1677200
16.5,0.45,300,"sd","10:28:13",1677100
16.5,0.45,1000,"sd","10:28:11",1676800
16.5,0.45,1000,"bu","10:28:05",1675800
16.5,0.45,3000,"bu","10:27:58",1674800
16.5,0.45,200,"bu","10:27:58",1671800
16.5,0.45,1300,"sd","10:27:46",1671600
16.5,0.45,400,"sd","10:27:45",1670300
16.5,0.45,1000,"sd","10:27:42",1669900
16.5,0.45,1500,"bu","10:27:31",1668900
16.5,0.45,6000,"bu","10:27:30",1667400
16.5,0.45,1000,"bu","10:27:26",1661400
16.5,0.45,40000,"bu","10:27:25",1660400
16.5,0.45,5000,"bu","10:27:07",1620400
16.5,0.45,300,"bu","10:26:56",1615400
16.5,0.45,100,"bu","10:26:45",1615100
16.45,0.4,1000,"sd","10:25:31",1615000
16.5,0.45,200,"bu","10:24:30",1614000
16.5,0.45,1000,"bu","10:24:09",1613800
16.5,0.45,200,"bu","10:23:45",1612800
16.5,0.45,100,"bu","10:23:43",1612600
16.5,0.45,200,"bu","10:23:39",1612500
16.5,0.45,300,"sd","10:23:34",1612300
16.5,0.45,2000,"sd","10:22:58",1612000
16.5,0.45,1000,"sd","10:22:57",1610000
16.5,0.45,300,"sd","10:22:21",1609000
16.5,0.45,3700,"sd","10:22:19",1608700
16.5,0.45,3800,"bu","10:22:13",1605000
16.5,0.45,2800,"sd","10:21:14",1601200
16.5,0.45,2000,"sd","10:21:13",1598400
16.5,0.45,400,"sd","10:20:51",1596400
16.5,0.45,5800,"bu","10:20:49",1596000
16.5,0.45,1100,"sd","10:20:41",1590200
16.5,0.45,400,"sd","10:20:38",1589100
16.5,0.45,10000,"sd","10:20:37",1588700
16.5,0.45,400,"sd","10:20:25",1578700
16.5,0.45,2000,"sd","10:20:23",1578300
16.5,0.45,1000,"sd","10:19:56",1576300
16.5,0.45,1500,"sd","10:19:46",1575300
16.5,0.45,3600,"bu","10:19:39",1573800
16.5,0.45,500,"bu","10:19:38",1570200
16.5,0.45,500,"bu","10:19:32",1569700
16.5,0.45,300,"sd","10:19:11",1569200
16.5,0.45,200,"bu","10:19:05",1568900
16.5,0.45,5000,"bu","10:18:59",1568700
16.5,0.45,4300,"sd","10:18:31",1563700
16.5,0.45,1000,"sd","10:18:25",1559400
16.5,0.45,500,"sd","10:18:19",1558400
16.5,0.45,14200,"bu","10:18:09",1557900
16.5,0.45,500,"bu","10:18:03",1543700
16.5,0.45,3400,"sd","10:17:44",1543200
16.5,0.45,100,"sd","10:17:40",1539800
16.5,0.45,500,"sd","10:17:26",1539700
16.5,0.45,1000,"sd","10:17:04",1539200
16.5,0.45,1500,"bu","10:17:03",1538200
16.5,0.45,500,"bu","10:17:02",1536700
16.5,0.45,30500,"bu","10:17:00",1536200
16.5,0.45,10000,"bu","10:16:32",1505700
16.5,0.45,1000,"bu","10:16:19",1495700
16.5,0.45,2000,"bu","10:15:59",1494700
16.5,0.45,14000,"bu","10:15:04",1492700
16.5,0.45,100,"bu","10:14:30",1478700
16.5,0.45,200,"bu","10:14:27",1478600
16.5,0.45,1200,"sd","10:14:10",1478400
16.5,0.45,3000,"sd","10:14:08",1477200
16.5,0.45,200,"sd","10:14:07",1474200
16.5,0.45,1300,"sd","10:13:56",1474000
16.5,0.45,3000,"sd","10:13:42",1472700
16.5,0.45,100,"sd","10:13:35",1469700
16.5,0.45,4000,"sd","10:13:26",1469600
16.55,0.5,200,"bu","10:13:23",1465600
16.5,0.45,1000,"sd","10:13:16",1465400
16.5,0.45,100,"sd","10:13:15",1464400
16.5,0.45,2100,"sd","10:12:49",1464300
16.55,0.5,1000,"bu","10:12:42",1462200
16.5,0.45,2500,"sd","10:12:33",1461200
16.5,0.45,200,"sd","10:12:29",1458700
16.5,0.45,100,"sd","10:12:27",1458500
16.5,0.45,800,"sd","10:12:21",1458400
16.5,0.45,200,"sd","10:11:59",1457600
16.5,0.45,200,"sd","10:11:57",1457400
16.5,0.45,1200,"sd","10:11:50",1457200
16.5,0.45,400,"sd","10:11:44",1456000
16.5,0.45,100,"sd","10:11:34",1455600
16.5,0.45,1100,"sd","10:11:29",1455500
16.5,0.45,500,"sd","10:11:26",1454400
16.5,0.45,400,"sd","10:11:24",1453900
16.5,0.45,400,"sd","10:11:01",1453500
16.5,0.45,1000,"sd","10:10:55",1453100
16.5,0.45,100,"sd","10:10:55",1452100
16.5,0.45,100,"sd","10:10:50",1452000
16.5,0.45,500,"sd","10:10:45",1451900
16.5,0.45,14700,"bu","10:10:44",1451400
16.5,0.45,24000,"bu","10:10:41",1436700
16.5,0.45,2000,"bu","10:10:40",1412700
16.45,0.4,1000,"sd","10:10:38",1410700
16.45,0.4,1000,"sd","10:10:28",1409700
16.5,0.45,400,"bu","10:09:40",1408700
16.5,0.45,1600,"bu","10:09:34",1408300
16.5,0.45,2000,"bu","10:09:10",1406700
16.5,0.45,1600,"bu","10:08:04",1404700
16.5,0.45,5000,"bu","10:07:42",1403100
16.5,0.45,1000,"bu","10:07:17",1398100
16.5,0.45,1000,"bu","10:07:15",1397100
16.5,0.45,2000,"bu","10:07:12",1396100
16.5,0.45,500,"bu","10:06:59",1394100
16.5,0.45,1600,"bu","10:06:33",1393600
16.45,0.4,600,"sd","10:06:27",1392000
16.45,0.4,3000,"sd","10:05:48",1391400
16.45,0.4,100,"sd","10:05:47",1388400
16.45,0.4,400,"sd","10:05:42",1388300
16.45,0.4,100,"sd","10:05:41",1387900
16.45,0.4,1000,"sd","10:05:33",1387800
16.45,0.4,1000,"sd","10:05:30",1386800
16.45,0.4,900,"sd","10:05:29",1385800
16.45,0.4,1000,"sd","10:05:23",1384900
16.45,0.4,3000,"sd","10:05:21",1383900
16.45,0.4,2000,"sd","10:05:10",1380900
16.45,0.4,600,"sd","10:05:05",1378900
16.45,0.4,200,"sd","10:04:59",1378300
16.45,0.4,100,"sd","10:04:52",1378100
16.45,0.4,2000,"sd","10:04:51",1378000
16.45,0.4,100,"sd","10:04:31",1376000
16.5,0.45,200,"bu","10:04:29",1375900
16.5,0.45,2000,"bu","10:04:15",1375700
16.5,0.45,200,"bu","10:04:11",1373700
16.5,0.45,1500,"bu","10:04:06",1373500
16.5,0.45,500,"bu","10:03:51",1372000
16.5,0.45,100,"bu","10:03:32",1371500
16.5,0.45,17200,"sd","10:03:15",1371400
16.5,0.45,14000,"sd","10:03:11",1354200
16.5,0.45,1500,"sd","10:03:08",1340200
16.5,0.45,2000,"sd","10:03:07",1338700
16.5,0.45,5000,"sd","10:03:05",1336700
16.5,0.45,200,"sd","10:03:02",1331700
16.5,0.45,1000,"sd","10:03:01",1331500
16.5,0.45,7000,"sd","10:03:00",1330500
16.5,0.45,100,"sd","10:02:59",1323500
16.5,0.45,1000,"sd","10:02:59",1323400
16.5,0.45,5000,"sd","10:02:49",1322400
16.5,0.45,14000,"sd","10:02:42",1317400
16.55,0.5,500,"bu","10:02:09",1303400
16.55,0.5,5500,"bu","10:02:04",1302900
16.55,0.5,500,"bu","10:01:56",1297400
16.5,0.45,500,"sd","10:01:54",1296900
16.5,0.45,3000,"sd","10:01:49",1296400
16.5,0.45,100,"sd","10:01:46",1293400
16.5,0.45,500,"sd","10:01:28",1293300
16.55,0.5,1000,"bu","10:01:26",1292800
16.5,0.45,100,"sd","10:01:17",1291800
16.55,0.5,1100,"bu","10:01:06",1291700
16.55,0.5,1000,"bu","10:00:56",1290600
16.55,0.5,13000,"bu","10:00:46",1289600
16.55,0.5,3000,"bu","10:00:03",1276600
16.55,0.5,300,"bu","09:59:55",1273600
16.55,0.5,2000,"bu","09:59:41",1273300
16.5,0.45,400,"sd","09:59:37",1271300
16.55,0.5,9600,"sd","09:59:37",1270900
16.55,0.5,50000,"sd","09:59:35",1261300
16.55,0.5,5000,"sd","09:59:30",1211300
16.6,0.55,1500,"bu","09:59:25",1206300
16.55,0.5,5000,"sd","09:59:11",1204800
16.6,0.55,100,"bu","09:59:11",1199800
16.55,0.5,1000,"sd","09:59:08",1199700
16.55,0.5,500,"sd","09:59:04",1198700
16.55,0.5,3000,"sd","09:58:58",1198200
16.55,0.5,5000,"sd","09:58:54",1195200
16.55,0.5,500,"sd","09:58:47",1190200
16.55,0.5,200,"sd","09:58:43",1189700
16.55,0.5,1000,"sd","09:58:36",1189500
16.55,0.5,5000,"sd","09:58:32",1188500
16.55,0.5,100,"sd","09:58:22",1183500
16.55,0.5,100,"sd","09:58:20",1183400
16.55,0.5,100,"sd","09:58:17",1183300
16.55,0.5,1000,"sd","09:58:14",1183200
16.55,0.5,100,"sd","09:58:05",1182200
16.55,0.5,1000,"sd","09:58:01",1182100
16.55,0.5,6000,"sd","09:57:57",1181100
16.55,0.5,100,"sd","09:57:56",1175100
16.55,0.5,100,"sd","09:57:55",1175000
16.55,0.5,1000,"sd","09:57:54",1174900
16.55,0.5,40500,"bu","09:57:46",1173900
16.55,0.5,3000,"bu","09:57:44",1133400
16.55,0.5,900,"bu","09:57:37",1130400
16.55,0.5,1000,"bu","09:57:37",1129500
16.55,0.5,5000,"bu","09:57:31",1128500
16.55,0.5,1000,"bu","09:57:28",1123500
16.55,0.5,6000,"bu","09:57:13",1122500
16.5,0.45,1000,"sd","09:57:07",1116500
16.5,0.45,9500,"sd","09:56:59",1115500
16.5,0.45,2800,"sd","09:56:46",1106000
16.55,0.5,3000,"bu","09:56:46",1103200
16.5,0.45,100,"sd","09:56:34",1100200
16.55,0.5,600,"bu","09:56:18",1100100
16.5,0.45,200,"sd","09:56:12",1099500
16.5,0.45,100,"sd","09:55:47",1099300
16.55,0.5,300,"bu","09:55:43",1099200
16.55,0.5,1000,"bu","09:55:28",1098900
16.55,0.5,500,"bu","09:55:27",1097900
16.55,0.5,100,"bu","09:55:17",1097400
16.55,0.5,500,"bu","09:55:07",1097300
16.55,0.5,1000,"bu","09:55:04",1096800
16.55,0.5,15000,"bu","09:55:01",1095800
16.55,0.5,2000,"bu","09:54:57",1080800
16.55,0.5,1000,"bu","09:54:50",1078800
16.5,0.45,4600,"sd","09:54:43",1077800
16.55,0.5,2000,"bu","09:54:37",1073200
16.5,0.45,200,"sd","09:54:20",1071200
16.55,0.5,100,"bu","09:54:19",1071000
16.55,0.5,500,"bu","09:54:00",1070900
16.55,0.5,6000,"bu","09:53:35",1070400
16.5,0.45,300,"sd","09:53:29",1064400
16.55,0.5,500,"bu","09:53:28",1064100
16.55,0.5,2000,"bu","09:53:15",1063600
16.5,0.45,100,"sd","09:53:07",1061600
16.5,0.45,200,"sd","09:52:56",1061500
16.5,0.45,3000,"bu","09:52:55",1061300
16.5,0.45,30000,"bu","09:52:53",1058300
16.5,0.45,2000,"bu","09:52:51",1028300
16.5,0.45,4000,"bu","09:52:49",1026300
16.5,0.45,2400,"bu","09:52:46",1022300
16.5,0.45,1000,"bu","09:52:45",1019900
16.5,0.45,20000,"bu","09:52:44",1018900
16.5,0.45,1000,"bu","09:52:43",998900
16.5,0.45,15600,"bu","09:52:38",997900
16.5,0.45,1500,"bu","09:52:37",982300
16.5,0.45,2000,"bu","09:52:36",980800
16.5,0.45,2500,"bu","09:52:35",978800
16.5,0.45,1500,"bu","09:52:32",976300
16.5,0.45,20000,"bu","09:52:31",974800
16.5,0.45,500,"bu","09:52:28",954800
16.5,0.45,1000,"bu","09:52:25",954300
16.5,0.45,4000,"bu","09:52:02",953300
16.5,0.45,13000,"bu","09:52:00",949300
16.5,0.45,100,"bu","09:51:55",936300
16.5,0.45,10000,"bu","09:51:50",936200
16.5,0.45,500,"bu","09:51:47",926200
16.5,0.45,100,"bu","09:51:41",925700
16.5,0.45,1000,"bu","09:51:30",925600
16.5,0.45,1000,"bu","09:51:22",924600
16.5,0.45,1900,"bu","09:51:20",923600
16.5,0.45,1500,"bu","09:51:17",921700
16.5,0.45,500,"bu","09:51:16",920200
16.5,0.45,2000,"bu","09:51:12",919700
16.5,0.45,1000,"bu","09:51:11",917700
16.5,0.45,5000,"bu","09:50:50",916700
16.5,0.45,1000,"bu","09:50:36",911700
16.5,0.45,50000,"bu","09:50:26",910700
16.45,0.4,2000,"sd","09:50:02",860700
16.5,0.45,2000,"bu","09:49:53",858700
16.45,0.4,2000,"sd","09:49:46",856700
16.5,0.45,3600,"bu","09:49:32",854700
16.45,0.4,2000,"sd","09:49:23",851100
16.45,0.4,100,"sd","09:49:16",849100
16.45,0.4,200,"sd","09:49:08",849000
16.45,0.4,3000,"sd","09:49:02",848800
16.5,0.45,1000,"bu","09:48:58",845800
16.45,0.4,5600,"bu","09:48:55",844800
16.45,0.4,5000,"bu","09:48:54",839200
16.45,0.4,500,"bu","09:48:53",834200
16.45,0.4,3000,"bu","09:48:51",833700
16.45,0.4,200,"bu","09:48:44",830700
16.45,0.4,2000,"bu","09:48:41",830500
16.45,0.4,1000,"bu","09:48:39",828500
16.45,0.4,200,"bu","09:48:34",827500
16.45,0.4,1000,"bu","09:48:33",827300
16.45,0.4,3000,"bu","09:48:28",826300
16.45,0.4,600,"bu","09:48:27",823300
16.45,0.4,3500,"bu","09:48:25",822700
16.45,0.4,400,"bu","09:48:21",819200
16.45,0.4,5000,"bu","09:48:20",818800
16.45,0.4,1300,"bu","09:47:57",813800
16.45,0.4,100000,"bu","09:47:57",812500
16.45,0.4,1000,"bu","09:47:34",712500
16.45,0.4,200,"bu","09:47:30",711500
16.45,0.4,500,"bu","09:47:25",711300
16.45,0.4,1900,"bu","09:47:19",710800
16.45,0.4,3000,"bu","09:47:14",708900
16.45,0.4,100,"bu","09:46:30",705900
16.4,0.35,100,"sd","09:46:23",705800
16.45,0.4,100,"bu","09:46:22",705700
16.4,0.35,10000,"sd","09:46:22",705600
16.45,0.4,100,"bu","09:46:14",695600
16.45,0.4,1900,"bu","09:46:08",695500
16.45,0.4,500,"bu","09:45:50",693600
16.45,0.4,20000,"bu","09:45:36",693100
16.45,0.4,2000,"bu","09:45:01",673100
16.45,0.4,2000,"bu","09:44:43",671100
16.45,0.4,200,"bu","09:44:41",669100
16.45,0.4,1700,"bu","09:44:29",668900
16.45,0.4,100,"bu","09:44:17",667200
16.45,0.4,4300,"sd","09:44:01",667100
16.45,0.4,1000,"sd","09:43:58",662800
16.45,0.4,500,"sd","09:43:57",661800
16.45,0.4,100,"sd","09:43:52",661300
16.45,0.4,300,"sd","09:43:49",661200
16.45,0.4,400,"sd","09:43:49",660900
16.45,0.4,1000,"sd","09:43:46",660500
16.45,0.4,1000,"sd","09:43:43",659500
16.45,0.4,200,"sd","09:43:27",658500
16.45,0.4,200,"sd","09:43:26",658300
16.45,0.4,100,"sd","09:43:26",658100
16.45,0.4,4000,"sd","09:43:22",658000
16.45,0.4,100,"sd","09:43:08",654000
16.45,0.4,100,"sd","09:43:00",653900
16.45,0.4,51200,"bu","09:42:59",653800
16.45,0.4,1800,"bu","09:42:47",602600
16.45,0.4,500,"bu","09:42:37",600800
16.45,0.4,5000,"bu","09:42:31",600300
16.45,0.4,5000,"bu","09:42:25",595300
16.45,0.4,800,"bu","09:42:06",590300
16.4,0.35,100,"sd","09:41:58",589500
16.45,0.4,400,"bu","09:41:49",589400
16.4,0.35,500,"sd","09:41:39",589000
16.4,0.35,1000,"sd","09:41:36",588500
16.4,0.35,8700,"bu","09:41:27",587500
16.4,0.35,900,"bu","09:41:24",578800
16.4,0.35,200,"bu","09:41:21",577900
16.4,0.35,2000,"bu","09:41:19",577700
16.4,0.35,4600,"bu","09:41:17",575700
16.4,0.35,7000,"bu","09:41:17",571100
16.4,0.35,3000,"bu","09:41:14",564100
16.4,0.35,56000,"bu","09:41:12",561100
16.4,0.35,5000,"bu","09:41:09",505100
16.35,0.3,100,"sd","09:41:05",500100
16.4,0.35,500,"bu","09:41:04",500000
16.4,0.35,2100,"bu","09:41:01",499500
16.4,0.35,200,"bu","09:40:57",497400
16.4,0.35,900,"bu","09:40:55",497200
16.4,0.35,2200,"bu","09:40:51",496300
16.4,0.35,500,"bu","09:40:49",494100
16.4,0.35,200,"bu","09:40:42",493600
16.4,0.35,400,"bu","09:40:37",493400
16.4,0.35,200,"bu","09:40:35",493000
16.4,0.35,6000,"bu","09:40:28",492800
16.4,0.35,2000,"bu","09:40:27",486800
16.4,0.35,1000,"bu","09:40:26",484800
16.4,0.35,500,"bu","09:40:23",483800
16.4,0.35,1400,"bu","09:40:20",483300
16.4,0.35,5000,"bu","09:40:15",481900
16.35,0.3,200,"sd","09:40:13",476900
16.4,0.35,100,"bu","09:39:51",476700
16.4,0.35,100,"bu","09:39:46",476600
16.35,0.3,400,"sd","09:39:38",476500
16.4,0.35,2000,"bu","09:39:37",476100
16.35,0.3,200,"sd","09:39:19",474100
16.35,0.3,100,"sd","09:39:15",473900
16.35,0.3,200,"sd","09:39:10",473800
16.35,0.3,2000,"sd","09:39:07",473600
16.35,0.3,1000,"sd","09:39:04",471600
16.35,0.3,1000,"sd","09:39:01",470600
16.35,0.3,1000,"sd","09:38:56",469600
16.35,0.3,500,"bu","09:38:51",468600
16.35,0.3,1500,"bu","09:38:50",468100
16.35,0.3,200,"bu","09:38:48",466600
16.35,0.3,1600,"bu","09:38:42",466400
16.35,0.3,7500,"sd","09:38:41",464800
16.35,0.3,10000,"sd","09:38:35",457300
16.4,0.35,1000,"bu","09:38:34",447300
16.35,0.3,1000,"sd","09:38:33",446300
16.35,0.3,2000,"sd","09:38:32",445300
16.4,0.35,200,"bu","09:38:23",443300
16.4,0.35,1000,"bu","09:38:18",443100
16.4,0.35,1000,"bu","09:37:58",442100
16.35,0.3,22400,"bu","09:37:41",441100
16.35,0.3,200,"bu","09:37:39",418700
16.35,0.3,700,"bu","09:37:35",418500
16.35,0.3,10000,"bu","09:37:28",417800
16.35,0.3,1200,"bu","09:37:15",407800
16.3,0.25,20900,"bu","09:36:52",406600
16.3,0.25,100,"bu","09:36:43",385700
16.3,0.25,2000,"bu","09:36:39",385600
16.3,0.25,1000,"bu","09:36:37",383600
16.3,0.25,1300,"bu","09:36:33",382600
16.3,0.25,1000,"bu","09:36:31",381300
16.3,0.25,5000,"bu","09:36:27",380300
16.3,0.25,500,"bu","09:36:24",375300
16.3,0.25,2000,"bu","09:36:22",374800
16.3,0.25,800,"bu","09:36:18",372800
16.3,0.25,1000,"bu","09:36:10",372000
16.3,0.25,400,"bu","09:36:09",371000
16.3,0.25,4800,"bu","09:36:05",370600
16.3,0.25,3600,"bu","09:36:03",365800
16.25,0.2,2100,"sd","09:35:43",362200
16.3,0.25,1500,"bu","09:35:37",360100
16.25,0.2,9300,"bu","09:35:30",358600
16.25,0.2,700,"bu","09:35:26",349300
16.25,0.2,26700,"bu","09:35:26",348600
16.25,0.2,400,"bu","09:35:24",321900
16.25,0.2,1000,"bu","09:35:23",321500
16.25,0.2,29500,"bu","09:35:21",320500
16.2,0.15,1100,"sd","09:35:20",291000
16.25,0.2,1000,"bu","09:35:16",289900
16.25,0.2,5000,"bu","09:35:10",288900
16.25,0.2,1900,"bu","09:35:09",283900
16.25,0.2,1000,"bu","09:35:05",282000
16.25,0.2,1000,"bu","09:34:56",281000
16.25,0.2,600,"bu","09:34:43",280000
16.2,0.15,1500,"bu","09:34:16",279400
16.2,0.15,8500,"bu","09:34:15",277900
16.2,0.15,700,"bu","09:34:13",269400
16.2,0.15,10300,"bu","09:34:11",268700
16.2,0.15,2900,"bu","09:34:09",258400
16.2,0.15,10000,"bu","09:34:08",255500
16.2,0.15,4000,"bu","09:34:07",245500
16.2,0.15,3800,"bu","09:34:02",241500
16.2,0.15,1000,"bu","09:33:49",237700
16.2,0.15,200,"bu","09:33:48",236700
16.2,0.15,7000,"bu","09:33:44",236500
16.2,0.15,10500,"bu","09:33:43",229500
16.2,0.15,1000,"bu","09:33:35",219000
16.15,0.1,8600,"sd","09:32:13",218000
16.15,0.1,200,"sd","09:31:32",209400
16.2,0.15,2000,"bu","09:29:05",209200
16.2,0.15,200,"bu","09:29:00",207200
16.2,0.15,6000,"bu","09:27:35",207000
16.2,0.15,4000,"bu","09:27:34",201000
16.2,0.15,400,"bu","09:27:03",197000
16.2,0.15,500,"bu","09:26:14",196600
16.2,0.15,4300,"sd","09:26:13",196100
16.2,0.15,5100,"sd","09:26:05",191800
16.2,0.15,500,"sd","09:26:02",186700
16.2,0.15,500,"sd","09:25:59",186200
16.2,0.15,300,"sd","09:25:53",185700
16.2,0.15,2000,"sd","09:25:52",185400
16.2,0.15,1800,"sd","09:25:45",183400
16.2,0.15,2000,"sd","09:25:44",181600
16.2,0.15,2000,"sd","09:25:43",179600
16.2,0.15,200,"sd","09:25:42",177600
16.2,0.15,2000,"sd","09:25:37",177400
16.2,0.15,1000,"sd","09:25:29",175400
16.2,0.15,200,"sd","09:25:23",174400
16.2,0.15,20000,"sd","09:25:18",174200
16.2,0.15,100,"sd","09:25:14",154200
16.2,0.15,500,"sd","09:25:08",154100
16.25,0.2,200,"bu","09:24:52",153600
16.25,0.2,5000,"bu","09:24:38",153400
16.25,0.2,100,"bu","09:24:29",148400
16.25,0.2,2000,"bu","09:24:05",148300
16.2,0.15,5000,"sd","09:23:52",146300
16.2,0.15,500,"sd","09:23:35",141300
16.2,0.15,6200,"bu","09:23:23",140800
16.2,0.15,200,"bu","09:23:20",134600
16.2,0.15,2000,"bu","09:23:12",134400
16.2,0.15,1000,"bu","09:23:03",132400
16.2,0.15,200,"bu","09:23:02",131400
16.2,0.15,2000,"bu","09:23:00",131200
16.2,0.15,5000,"bu","09:22:56",129200
16.2,0.15,1000,"bu","09:22:47",124200
16.2,0.15,1400,"sd","09:22:39",123200
16.2,0.15,1600,"bu","09:22:36",121800
16.2,0.15,10000,"bu","09:22:35",120200
16.2,0.15,16100,"bu","09:22:33",110200
16.2,0.15,1500,"bu","09:22:31",94100
16.2,0.15,500,"bu","09:22:28",92600
16.2,0.15,600,"bu","09:22:28",92100
16.2,0.15,200,"bu","09:22:15",91500
16.2,0.15,2000,"bu","09:22:11",91300
16.2,0.15,100,"bu","09:22:10",89300
16.2,0.15,2300,"bu","09:21:58",89200
16.15,0.1,600,"sd","09:21:09",86900
16.15,0.1,200,"sd","09:21:00",86300
16.15,0.1,300,"sd","09:20:44",86100
16.15,0.1,200,"sd","09:20:09",85800
16.15,0.1,3400,"bu","09:19:32",85600
16.15,0.1,5000,"bu","09:19:25",82200
16.15,0.1,2600,"bu","09:18:58",77200
16.15,0.1,6200,"bu","09:18:42",74600
16.1,0.05,500,"sd","09:18:28",68400
16.1,0.05,17200,"bu","09:18:01",67900
16.05,0,1000,"sd","09:17:56",50700
16.1,0.05,3000,"bu","09:17:39",49700
16.1,0.05,6000,"bu","09:17:10",46700
16.1,0.05,12100,"sd","09:16:33",40700
16.15,0.1,6400,"sd","09:16:11",28600
16.15,0.1,1700,"bu","09:15:55",22200
16.15,0.1,1000,"bu","09:15:52",20500
16.15,0.1,2000,"bu","09:15:43",19500
16.1,0.05,1000,"sd","09:15:02",17500
16.15,0.1,16500,"","09:15:00",16500
