"price","change","match_qtty","side","time","total_vol"
97.2,0.9,71700,"","14:45:01",2973900
97.1,0.8,1000,"sd","14:29:48",2902200
97.1,0.8,100,"sd","14:29:44",2901200
97.1,0.8,200,"bu","14:29:23",2901100
97.1,0.8,100,"sd","14:29:14",2900900
97,0.7,5000,"sd","14:29:07",2900800
97,0.7,800,"sd","14:29:02",2895800
97.1,0.8,200,"sd","14:29:02",2895000
97.1,0.8,800,"bu","14:29:01",2894800
97.1,0.8,1000,"bu","14:28:59",2894000
97.1,0.8,5000,"bu","14:28:44",2893000
97.1,0.8,15100,"sd","14:28:23",2888000
97.1,0.8,2000,"sd","14:28:18",2872900
97.1,0.8,200,"sd","14:28:07",2870900
97.2,0.9,800,"sd","14:28:07",2870700
97.2,0.9,400,"bu","14:27:47",2869900
97.2,0.9,1600,"sd","14:27:41",2869500
97.2,0.9,2000,"sd","14:27:40",2867900
97.2,0.9,100,"sd","14:27:35",2865900
97.2,0.9,1000,"sd","14:27:27",2865800
97.2,0.9,300,"bu","14:27:15",2864800
97.1,0.8,200,"sd","14:27:10",2864500
97.1,0.8,4900,"sd","14:26:59",2864300
97.1,0.8,500,"sd","14:26:54",2859400
97.1,0.8,500,"sd","14:26:38",2858900
97.2,0.9,700,"sd","14:26:18",2858400
97.2,0.9,1000,"sd","14:26:12",2857700
97.2,0.9,100,"sd","14:25:51",2856700
97.3,1,300,"bu","14:25:42",2856600
97.2,0.9,6900,"sd","14:25:39",2856300
97.2,0.9,1200,"sd","14:25:30",2849400
97.2,0.9,300,"sd","14:25:25",2848200
97.3,1,1000,"bu","14:25:10",2847900
97.2,0.9,900,"sd","14:24:42",2846900
97.3,1,1900,"sd","14:24:39",2846000
97.3,1,2500,"sd","14:24:35",2844100
97.4,1.1,100,"bu","14:24:35",2841600
97.4,1.1,14600,"sd","14:24:28",2841500
97.5,1.2,100,"bu","14:24:02",2826900
97.5,1.2,2000,"sd","14:23:21",2826800
97.5,1.2,200,"sd","14:23:12",2824800
97.6,1.3,1000,"bu","14:22:55",2824600
97.5,1.2,300,"sd","14:22:52",2823600
97.5,1.2,1000,"sd","14:22:51",2823300
97.5,1.2,600,"sd","14:22:48",2822300
97.5,1.2,3100,"bu","14:22:44",2821700
97.4,1.1,300,"bu","14:22:14",2818600
97.4,1.1,100,"bu","14:22:11",2818300
97.4,1.1,600,"sd","14:21:59",2818200
97.6,1.3,1200,"bu","14:21:47",2817600
97.5,1.2,300,"bu","14:21:47",2816400
97.6,1.3,5400,"bu","14:21:45",2816100
97.6,1.3,4000,"bu","14:21:38",2810700
97.5,1.2,100,"bu","14:21:38",2806700
97.6,1.3,2700,"bu","14:21:30",2806600
97.5,1.2,2700,"bu","14:21:30",2803900
97.5,1.2,5400,"bu","14:21:08",2801200
97.4,1.1,1000,"sd","14:21:05",2795800
97.5,1.2,100,"bu","14:21:01",2794800
97.4,1.1,200,"sd","14:20:54",2794700
97.4,1.1,300,"sd","14:20:51",2794500
97.4,1.1,100,"sd","14:20:38",2794200
97.5,1.2,5400,"bu","14:20:38",2794100
97.4,1.1,1000,"sd","14:20:35",2788700
97.4,1.1,300,"sd","14:20:31",2787700
97.4,1.1,100,"sd","14:20:28",2787400
97.4,1.1,100,"sd","14:20:17",2787300
97.4,1.1,200,"sd","14:19:55",2787200
97.4,1.1,300,"sd","14:19:47",2787000
97.4,1.1,100,"sd","14:19:44",2786700
97.4,1.1,100,"sd","14:19:36",2786600
97.4,1.1,100,"sd","14:19:16",2786500
97.4,1.1,1000,"sd","14:19:12",2786400
97.4,1.1,300,"bu","14:19:12",2785400
97.3,1,1000,"sd","14:18:44",2785100
97.3,1,1600,"sd","14:18:41",2784100
97.4,1.1,400,"sd","14:18:41",2782500
97.4,1.1,1200,"bu","14:18:40",2782100
97.3,1,200,"bu","14:18:40",2780900
97.3,1,3600,"bu","14:18:39",2780700
97.3,1,5400,"bu","14:18:20",2777100
97.2,0.9,200,"sd","14:18:03",2771700
97.2,0.9,500,"sd","14:17:33",2771500
97.3,1,11200,"sd","14:17:27",2771000
97.3,1,100,"sd","14:17:16",2759800
97.4,1.1,100,"sd","14:17:02",2759700
97.4,1.1,900,"bu","14:16:36",2759600
97.4,1.1,100,"bu","14:16:19",2758700
97.4,1.1,300,"sd","14:15:59",2758600
97.4,1.1,200,"sd","14:15:51",2758300
97.5,1.2,100,"sd","14:15:21",2758100
97.6,1.3,1500,"bu","14:15:06",2758000
97.5,1.2,3900,"bu","14:15:06",2756500
97.5,1.2,1200,"sd","14:15:01",2752600
97.5,1.2,5000,"bu","14:14:56",2751400
97.4,1.1,300,"sd","14:14:50",2746400
97.6,1.3,3100,"bu","14:14:44",2746100
97.5,1.2,2300,"bu","14:14:44",2743000
97.5,1.2,5400,"bu","14:14:33",2740700
97.4,1.1,100,"sd","14:14:23",2735300
97.4,1.1,4000,"bu","14:14:20",2735200
97.3,1,500,"bu","14:14:20",2731200
97.3,1,800,"bu","14:14:17",2730700
97.3,1,800,"bu","14:14:09",2729900
97.3,1,1400,"bu","14:14:03",2729100
97.2,0.9,4000,"bu","14:14:03",2727700
97.2,0.9,100,"bu","14:13:30",2723700
97.1,0.8,100,"sd","14:13:26",2723600
97.1,0.8,400,"sd","14:13:17",2723500
97.1,0.8,200,"sd","14:13:11",2723100
97.2,0.9,1000,"bu","14:13:11",2722900
97.2,0.9,3000,"bu","14:13:07",2721900
97.2,0.9,200,"bu","14:13:05",2718900
97.2,0.9,10000,"bu","14:13:00",2718700
97.1,0.8,500,"sd","14:12:43",2708700
97.1,0.8,300,"sd","14:12:40",2708200
97.1,0.8,200,"sd","14:12:13",2707900
97.2,0.9,500,"bu","14:12:05",2707700
97.1,0.8,100,"sd","14:11:20",2707200
97.1,0.8,200,"sd","14:11:19",2707100
97.1,0.8,200,"sd","14:11:03",2706900
97.1,0.8,500,"sd","14:10:53",2706700
97.1,0.8,100,"sd","14:10:40",2706200
97.1,0.8,200,"sd","14:10:18",2706100
97.2,0.9,700,"bu","14:10:15",2705900
97.2,0.9,100,"bu","14:09:57",2705200
97.1,0.8,500,"sd","14:09:46",2705100
97.1,0.8,200,"sd","14:09:18",2704600
97.1,0.8,500,"sd","14:08:57",2704400
97.1,0.8,2500,"sd","14:08:34",2703900
97.1,0.8,200,"sd","14:08:20",2701400
97.2,0.9,200,"bu","14:08:16",2701200
97.2,0.9,2400,"sd","14:07:30",2701000
97.2,0.9,500,"sd","14:07:29",2698600
97.2,0.9,200,"sd","14:07:29",2698100
97.2,0.9,200,"sd","14:07:21",2697900
97.2,0.9,900,"sd","14:06:27",2697700
97.3,1,4500,"sd","14:06:27",2696800
97.3,1,300,"sd","14:06:23",2692300
97.3,1,100,"sd","14:06:03",2692000
97.3,1,300,"sd","14:05:59",2691900
97.3,1,200,"sd","14:05:42",2691600
97.4,1.1,500,"bu","14:05:40",2691400
97.4,1.1,500,"bu","14:05:39",2690900
97.4,1.1,11500,"sd","14:05:28",2690400
97.4,1.1,200,"sd","14:05:25",2678900
97.4,1.1,100,"sd","14:04:38",2678700
97.4,1.1,100,"sd","14:04:38",2678600
97.4,1.1,200,"sd","14:04:34",2678500
97.4,1.1,200,"sd","14:04:24",2678300
97.5,1.2,800,"bu","14:04:08",2678100
97.5,1.2,100,"bu","14:03:41",2677300
97.5,1.2,1000,"bu","14:02:53",2677200
97.5,1.2,5400,"bu","14:02:48",2676200
97.5,1.2,5400,"bu","14:02:34",2670800
97.4,1.1,2000,"sd","14:02:28",2665400
97.5,1.2,800,"bu","14:02:26",2663400
97.5,1.2,3800,"bu","14:02:22",2662600
97.5,1.2,5400,"bu","14:02:21",2658800
97.5,1.2,800,"bu","14:02:18",2653400
97.5,1.2,800,"bu","14:02:14",2652600
97.4,1.1,700,"bu","14:02:10",2651800
97.4,1.1,9100,"bu","14:02:10",2651100
97.4,1.1,800,"bu","14:02:05",2642000
97.4,1.1,800,"bu","14:02:00",2641200
97.2,0.9,500,"sd","14:01:54",2640400
97.4,1.1,1000,"bu","14:01:54",2639900
97.3,1,2500,"bu","14:01:54",2638900
97.3,1,800,"bu","14:01:52",2636400
97.2,0.9,2000,"bu","14:01:47",2635600
97.2,0.9,1200,"bu","14:01:46",2633600
97.1,0.8,100,"sd","14:01:36",2632400
97.1,0.8,200,"sd","14:01:31",2632300
97.1,0.8,4600,"bu","14:01:27",2632100
97.1,0.8,100,"bu","14:01:16",2627500
97.1,0.8,20300,"sd","14:01:06",2627400
97.1,0.8,200,"sd","14:00:33",2607100
97.1,0.8,700,"sd","13:59:58",2606900
97.2,0.9,300,"sd","13:59:58",2606200
97.2,0.9,800,"sd","13:59:39",2605900
97.2,0.9,3100,"bu","13:59:24",2605100
97.2,0.9,100,"bu","13:59:22",2602000
97.2,0.9,11800,"sd","13:59:16",2601900
97.3,1,200,"bu","13:59:08",2590100
97.2,0.9,2000,"sd","13:58:52",2589900
97.2,0.9,200,"sd","13:58:36",2587900
97.2,0.9,400,"bu","13:58:01",2587700
97.2,0.9,100,"bu","13:58:00",2587300
97.2,0.9,500,"sd","13:57:39",2587200
97.3,1,5400,"bu","13:57:35",2582600
97.3,1,5400,"bu","13:57:25",2577200
97.3,1,5400,"bu","13:57:13",2571800
97.3,1,3700,"sd","13:57:10",2566400
97.3,1,1700,"bu","13:57:00",2562700
97.3,1,200,"bu","13:57:00",2561000
97.2,0.9,600,"bu","13:57:00",2560800
97.2,0.9,800,"bu","13:56:57",2560200
97.2,0.9,800,"bu","13:56:52",2559400
97,0.7,21700,"sd","13:56:38",2558600
97.1,0.8,8300,"sd","13:56:38",2536900
97.3,1,600,"bu","13:56:22",2528600
97.3,1,5400,"bu","13:56:21",2528000
97.2,0.9,5000,"sd","13:56:06",2522600
97.3,1,800,"bu","13:56:04",2517600
97.3,1,800,"bu","13:55:58",2516800
97.3,1,100,"bu","13:55:56",2516000
97.3,1,800,"bu","13:55:55",2515900
97.3,1,4100,"bu","13:55:53",2515100
97.3,1,800,"bu","13:55:48",2511000
97.3,1,100,"sd","13:55:46",2510200
97.4,1.1,800,"bu","13:55:44",2510100
97.4,1.1,4100,"bu","13:55:42",2509300
97.4,1.1,800,"bu","13:55:39",2505200
97.4,1.1,4100,"bu","13:55:33",2504400
97.3,1,1300,"bu","13:55:33",2500300
97.3,1,800,"bu","13:55:33",2499000
97.3,1,800,"bu","13:55:29",2498200
97.3,1,800,"bu","13:55:22",2497400
97.2,0.9,500,"bu","13:55:21",2496600
97.2,0.9,800,"bu","13:55:17",2496100
97.3,1,700,"bu","13:55:12",2495300
97.2,0.9,100,"bu","13:55:12",2494600
97.2,0.9,5900,"sd","13:55:11",2494500
97.3,1,800,"bu","13:55:06",2488600
97.3,1,800,"bu","13:55:01",2487800
97.2,0.9,1000,"sd","13:54:58",2487000
97.2,0.9,1000,"sd","13:54:55",2486000
97.2,0.9,500,"sd","13:54:43",2485000
97.3,1,100,"bu","13:54:35",2484500
97.3,1,5400,"bu","13:54:31",2484400
97.2,0.9,1000,"sd","13:54:10",2479000
97.2,0.9,2000,"sd","13:54:06",2478000
97.2,0.9,200,"sd","13:53:45",2476000
97.2,0.9,400,"sd","13:53:38",2475800
97.2,0.9,1500,"sd","13:53:34",2475400
97.2,0.9,2200,"bu","13:53:02",2473900
97.1,0.8,200,"sd","13:52:45",2471700
97.2,0.9,1600,"bu","13:52:35",2471500
97.2,0.9,100,"sd","13:51:47",2469900
97.2,0.9,100,"sd","13:51:46",2469800
97.2,0.9,5000,"sd","13:51:39",2469700
97.2,0.9,600,"sd","13:51:35",2464700
97.2,0.9,3000,"sd","13:51:34",2464100
97.2,0.9,600,"sd","13:51:18",2461100
97.2,0.9,400,"sd","13:51:17",2460500
97.3,1,200,"bu","13:50:42",2460100
97.3,1,100,"bu","13:50:40",2459900
97.3,1,100,"bu","13:50:17",2459800
97.3,1,100,"bu","13:49:51",2459700
97.3,1,1100,"bu","13:49:37",2459600
97.3,1,21900,"sd","13:49:09",2458500
97.4,1.1,1000,"bu","13:48:21",2436600
97.3,1,1000,"sd","13:48:11",2435600
97.3,1,3500,"bu","13:48:09",2434600
97.3,1,5400,"bu","13:48:02",2431100
97.3,1,800,"bu","13:48:01",2425700
97.3,1,800,"bu","13:47:57",2424900
97.2,0.9,200,"sd","13:47:54",2424100
97.3,1,800,"bu","13:47:53",2423900
97.3,1,5400,"bu","13:47:51",2423100
97.3,1,800,"bu","13:47:47",2417700
97.3,1,800,"bu","13:47:41",2416900
97.3,1,800,"bu","13:47:35",2416100
97.3,1,800,"bu","13:47:32",2415300
97.3,1,800,"bu","13:47:25",2414500
97.2,0.9,500,"sd","13:47:23",2413700
97.3,1,800,"bu","13:47:21",2413200
97.3,1,800,"bu","13:47:14",2412400
97.3,1,800,"bu","13:47:13",2411600
97.3,1,800,"bu","13:47:06",2410800
97.2,0.9,1000,"sd","13:47:02",2410000
97.3,1,800,"bu","13:46:59",2409000
97.3,1,800,"bu","13:46:55",2408200
97.2,0.9,2000,"sd","13:46:53",2407400
97.3,1,100,"bu","13:46:49",2405400
97.3,1,5400,"bu","13:46:27",2405300
97.3,1,5400,"bu","13:46:09",2399900
97.2,0.9,500,"sd","13:45:45",2394500
97.2,0.9,700,"bu","13:45:44",2394000
97.2,0.9,5400,"bu","13:45:32",2393300
97.2,0.9,100,"bu","13:45:19",2387900
97.2,0.9,4800,"sd","13:44:58",2387800
97.3,1,100,"bu","13:44:56",2383000
97.2,0.9,100,"sd","13:44:53",2382900
97.2,0.9,1000,"sd","13:44:47",2382800
97.2,0.9,10000,"sd","13:44:42",2381800
97.2,0.9,20000,"sd","13:44:40",2371800
97.2,0.9,14500,"bu","13:44:26",2351800
97.1,0.8,400,"sd","13:44:21",2337300
97.1,0.8,200,"sd","13:44:15",2336900
97.1,0.8,5500,"sd","13:44:13",2336700
97.1,0.8,200,"sd","13:44:00",2331200
97.1,0.8,4500,"sd","13:43:13",2331000
97.1,0.8,200,"sd","13:43:02",2326500
97.2,0.9,500,"bu","13:42:55",2326300
97.2,0.9,1700,"sd","13:42:34",2325800
97.2,0.9,3700,"bu","13:42:29",2324100
97.2,0.9,100,"bu","13:42:16",2320400
97.2,0.9,700,"bu","13:42:13",2320300
97.1,0.8,5000,"sd","13:42:05",2319600
97.1,0.8,200,"sd","13:42:04",2314600
97.2,0.9,1100,"sd","13:41:50",2314400
97.3,1,200,"bu","13:41:43",2313300
97.2,0.9,1000,"sd","13:41:41",2313100
97.2,0.9,2000,"bu","13:41:23",2312100
97.3,1,200,"bu","13:41:07",2310100
97.1,0.8,200,"sd","13:41:06",2309900
97.3,1,100,"bu","13:40:44",2309700
97.3,1,100,"bu","13:40:21",2309600
97.1,0.8,200,"sd","13:40:06",2309500
97.1,0.8,1000,"sd","13:39:35",2309300
97.3,1,800,"bu","13:39:14",2308300
97.1,0.8,900,"sd","13:39:05",2307500
97.2,0.9,100,"sd","13:38:54",2306600
97.2,0.9,3500,"sd","13:38:51",2306500
97.3,1,500,"bu","13:38:50",2303000
97.3,1,5800,"sd","13:38:24",2302500
97.3,1,39800,"sd","13:37:39",2296700
97.4,1.1,200,"sd","13:37:39",2256900
97.4,1.1,100,"sd","13:37:28",2256700
97.4,1.1,100,"sd","13:37:08",2256600
97.5,1.2,800,"bu","13:37:04",2256500
97.5,1.2,3900,"bu","13:36:58",2255700
97.4,1.1,1500,"bu","13:36:58",2251800
97.4,1.1,800,"bu","13:36:57",2250300
97.4,1.1,100,"bu","13:36:48",2249500
97.4,1.1,800,"bu","13:36:46",2249400
97.3,1,100,"sd","13:36:33",2248600
97.4,1.1,100,"bu","13:36:33",2248500
97.4,1.1,7400,"bu","13:36:32",2248400
97.4,1.1,800,"bu","13:36:31",2241000
97.4,1.1,800,"bu","13:36:27",2240200
97.3,1,200,"sd","13:36:13",2239400
97.3,1,100,"sd","13:36:10",2239200
97.3,1,500,"sd","13:35:54",2239100
97.3,1,500,"sd","13:35:49",2238600
97.4,1.1,5400,"bu","13:35:46",2238100
97.3,1,12500,"bu","13:35:44",2232700
97.3,1,5400,"bu","13:35:37",2220200
97.3,1,100,"bu","13:35:32",2214800
97.3,1,5400,"bu","13:35:23",2214700
97.2,0.9,200,"sd","13:35:15",2209300
97.1,0.8,16200,"sd","13:35:09",2209100
97.2,0.9,300,"sd","13:35:09",2192900
97.3,1,8200,"sd","13:35:00",2192600
97.3,1,500,"sd","13:34:52",2184400
97.3,1,1000,"sd","13:34:49",2183900
97.4,1.1,5400,"bu","13:34:41",2182900
97.4,1.1,100,"bu","13:34:40",2177500
97.4,1.1,1000,"bu","13:34:39",2177400
97.4,1.1,600,"bu","13:34:07",2176400
97.4,1.1,200,"bu","13:33:54",2175800
97.4,1.1,100,"bu","13:33:44",2175600
97.4,1.1,3000,"bu","13:33:31",2175500
97.3,1,500,"sd","13:33:24",2172500
97.3,1,100,"sd","13:33:23",2172000
97.4,1.1,100,"bu","13:33:07",2171900
97.4,1.1,100,"sd","13:33:05",2171800
97.4,1.1,400,"bu","13:33:00",2171700
97.4,1.1,1400,"sd","13:32:54",2171300
97.4,1.1,200,"sd","13:32:53",2169900
97.4,1.1,300,"sd","13:32:52",2169700
97.4,1.1,200,"sd","13:32:29",2169400
97.5,1.2,100,"bu","13:32:29",2169200
97.5,1.2,700,"sd","13:32:27",2169100
97.6,1.3,300,"bu","13:32:08",2168400
97.5,1.2,100,"sd","13:31:49",2168100
97.5,1.2,1700,"bu","13:31:44",2168000
97.5,1.2,100,"bu","13:31:37",2166300
97.5,1.2,15000,"bu","13:31:17",2166200
97.4,1.1,1000,"sd","13:31:17",2151200
97.5,1.2,100,"bu","13:30:52",2150200
97.5,1.2,1800,"bu","13:30:46",2150100
97.5,1.2,1800,"bu","13:30:38",2148300
97.4,1.1,200,"sd","13:30:36",2146500
97.5,1.2,1800,"bu","13:30:12",2146300
97.3,1,200,"sd","13:30:11",2144500
97.5,1.2,100,"bu","13:30:05",2144300
97.5,1.2,100,"bu","13:30:01",2144200
97.3,1,7900,"sd","13:29:59",2144100
97.4,1.1,13800,"sd","13:29:59",2136200
97.4,1.1,8300,"sd","13:29:58",2122400
97.5,1.2,1800,"bu","13:29:53",2114100
97.5,1.2,1800,"bu","13:29:43",2112300
97.4,1.1,1000,"sd","13:29:42",2110500
97.5,1.2,1800,"bu","13:29:19",2109500
97.4,1.1,1300,"sd","13:29:17",2107700
97.5,1.2,5400,"bu","13:29:12",2106400
97.5,1.2,1800,"bu","13:29:09",2101000
97.4,1.1,100,"sd","13:29:03",2099200
97.4,1.1,100,"sd","13:29:01",2099100
97.5,1.2,1800,"bu","13:28:59",2099000
97.4,1.1,600,"sd","13:28:44",2097200
97.5,1.2,1800,"bu","13:28:42",2096600
97.5,1.2,100,"bu","13:28:35",2094800
97.5,1.2,5400,"bu","13:28:30",2094700
97.5,1.2,5100,"bu","13:28:03",2089300
97.4,1.1,4500,"bu","13:28:00",2084200
97.3,1,300,"sd","13:27:44",2079700
97.4,1.1,200,"bu","13:27:41",2079400
97.4,1.1,2000,"bu","13:27:39",2079200
97.4,1.1,6000,"bu","13:27:35",2077200
97.3,1,200,"sd","13:27:27",2071200
97.4,1.1,200,"bu","13:27:26",2071000
97.4,1.1,100,"bu","13:27:02",2070800
97.4,1.1,700,"bu","13:27:00",2070700
97.4,1.1,400,"bu","13:26:52",2070000
97.4,1.1,1800,"bu","13:26:50",2069600
97.3,1,500,"sd","13:26:40",2067800
97.3,1,200,"sd","13:26:30",2067300
97.3,1,200,"sd","13:26:01",2067100
97.4,1.1,200,"bu","13:25:47",2066900
97.3,1,100,"sd","13:25:17",2066700
97.3,1,400,"sd","13:25:15",2066600
97.4,1.1,100,"bu","13:25:04",2066200
97.3,1,100,"sd","13:24:28",2066100
97.3,1,600,"sd","13:24:24",2066000
97.3,1,200,"sd","13:24:09",2065400
97.3,1,500,"sd","13:23:46",2065200
97.4,1.1,600,"bu","13:23:42",2064700
97.3,1,100,"sd","13:23:04",2064100
97.3,1,1600,"sd","13:23:01",2064000
97.4,1.1,500,"bu","13:22:59",2062400
97.3,1,2000,"sd","13:22:55",2061900
97.3,1,26700,"bu","13:22:37",2059900
97.2,0.9,200,"sd","13:22:35",2033200
97.3,1,100,"bu","13:22:28",2033000
97.3,1,9000,"bu","13:22:13",2032900
97.2,0.9,200,"sd","13:22:02",2023900
97.2,0.9,20000,"sd","13:21:48",2023700
97.2,0.9,500,"sd","13:21:19",2003700
97.3,1,100,"bu","13:20:58",2003200
97.3,1,3400,"bu","13:20:54",2003100
97.2,0.9,3500,"sd","13:20:53",1999700
97.2,0.9,100,"sd","13:20:02",1996200
97.2,0.9,500,"sd","13:19:56",1996100
97.2,0.9,300,"sd","13:19:45",1995600
97.3,1,400,"bu","13:19:31",1995300
97.2,0.9,10000,"sd","13:19:29",1994900
97.2,0.9,100,"sd","13:19:16",1984900
97.2,0.9,500,"sd","13:19:15",1984800
97.3,1,300,"bu","13:18:58",1984300
97.2,0.9,300,"sd","13:18:03",1984000
97.3,1,100,"bu","13:17:55",1983700
97.3,1,10000,"bu","13:17:51",1983600
97.2,0.9,300,"sd","13:17:45",1973600
97.3,1,1000,"bu","13:17:24",1973300
97.3,1,4000,"bu","13:17:03",1972300
97.3,1,500,"bu","13:16:46",1968300
97.3,1,100,"bu","13:16:23",1967600
97.3,1,2200,"bu","13:16:20",1967500
97.3,1,5900,"bu","13:15:54",1965300
97.3,1,1000,"bu","13:15:51",1959400
97.2,0.9,200,"sd","13:15:48",1958400
97.3,1,1200,"sd","13:15:36",1958200
97.3,1,20000,"sd","13:15:31",1957000
97.3,1,1500,"sd","13:15:20",1937000
97.3,1,1000,"sd","13:15:13",1935500
97.3,1,300,"sd","13:14:50",1934500
97.3,1,200,"sd","13:13:50",1934200
97.4,1.1,900,"sd","13:13:40",1934000
97.4,1.1,5500,"sd","13:13:37",1933100
97.4,1.1,200,"sd","13:13:36",1927600
97.5,1.2,100,"bu","13:13:22",1927400
97.5,1.2,3400,"sd","13:12:38",1927300
97.5,1.2,200,"sd","13:12:09",1923900
97.5,1.2,100,"sd","13:12:03",1923700
97.5,1.2,400,"bu","13:11:57",1923600
97.5,1.2,100,"bu","13:11:50",1923200
97.5,1.2,9900,"sd","13:11:38",1923100
97.6,1.3,200,"bu","13:11:11",1913200
97.5,1.2,100,"sd","13:10:37",1913000
97.5,1.2,300,"sd","13:10:33",1912900
97.5,1.2,1700,"bu","13:10:32",1912600
97.5,1.2,100,"bu","13:10:18",1910900
97.5,1.2,4100,"bu","13:09:53",1910800
97.5,1.2,200,"bu","13:09:38",1906700
97.4,1.1,2000,"sd","13:09:37",1906500
97.5,1.2,5400,"bu","13:09:19",1904500
97.4,1.1,1200,"bu","13:08:51",1899100
97.4,1.1,100,"bu","13:08:47",1897900
97.4,1.1,5400,"bu","13:08:36",1897800
97.4,1.1,3300,"sd","13:08:29",1892400
97.4,1.1,1600,"sd","13:08:20",1889100
97.4,1.1,1200,"bu","13:08:11",1887500
97.4,1.1,5400,"bu","13:07:51",1886300
97.4,1.1,8000,"bu","13:07:45",1880900
97.3,1,200,"sd","13:07:36",1872900
97.3,1,100,"sd","13:07:33",1872700
97.4,1.1,5400,"bu","13:07:32",1872600
97.3,1,1100,"sd","13:07:26",1867200
97.3,1,100,"sd","13:07:25",1866100
97.3,1,500,"sd","13:07:22",1866000
97.3,1,200,"sd","13:07:02",1865500
97.3,1,200,"sd","13:06:04",1865300
97.3,1,100,"sd","13:05:16",1865100
97.3,1,200,"sd","13:05:05",1865000
97.4,1.1,3700,"sd","13:04:47",1864800
97.4,1.1,700,"sd","13:04:31",1861100
97.4,1.1,500,"sd","13:04:00",1860400
97.4,1.1,1100,"bu","13:03:47",1859900
97.4,1.1,8900,"sd","13:03:42",1858800
97.4,1.1,300,"sd","13:03:36",1849900
97.4,1.1,100,"sd","13:03:12",1849600
97.4,1.1,200,"sd","13:03:09",1849500
97.3,1,1400,"sd","13:02:37",1849300
97.3,1,300,"sd","13:02:09",1847900
97.5,1.2,2900,"sd","13:01:57",1847600
97.5,1.2,4300,"sd","13:01:43",1844700
97.5,1.2,800,"bu","13:01:22",1840400
97.5,1.2,500,"bu","13:01:19",1839600
97.5,1.2,800,"bu","13:01:07",1839100
97.5,1.2,5400,"bu","13:01:06",1838300
97.5,1.2,4200,"bu","13:01:00",1832900
97.3,1,1000,"sd","13:00:45",1828700
97.3,1,500,"sd","13:00:38",1827700
97.3,1,600,"sd","13:00:28",1827200
97.5,1.2,300,"bu","13:00:23",1826600
97.3,1,100,"sd","13:00:16",1826300
97.5,1.2,6000,"sd","13:00:15",1826200
97.5,1.2,1000,"sd","13:00:03",1820200
97.6,1.3,1100,"sd","13:00:02",1819200
97.6,1.3,100,"sd","13:00:01",1818100
97.7,1.4,100,"bu","13:00:01",1818000
97.6,1.3,500,"sd","13:00:01",1817900
97.6,1.3,400,"sd","13:00:00",1817400
97.6,1.3,500,"sd","11:29:56",1817000
97.6,1.3,100,"sd","11:29:51",1816500
97.6,1.3,5000,"sd","11:29:43",1816400
97.6,1.3,200,"sd","11:29:23",1811400
97.6,1.3,200,"sd","11:29:09",1811200
97.7,1.4,5400,"bu","11:28:58",1811000
97.6,1.3,500,"sd","11:28:49",1805600
97.7,1.4,100,"bu","11:28:35",1805100
97.7,1.4,1800,"bu","11:28:21",1805000
97.7,1.4,1800,"bu","11:28:16",1803200
97.8,1.5,5400,"bu","11:27:50",1801400
97.7,1.4,100,"sd","11:27:50",1796000
97.8,1.5,4300,"bu","11:27:35",1795900
97.7,1.4,1100,"bu","11:27:35",1791600
97.7,1.4,5400,"bu","11:27:08",1790500
97.7,1.4,600,"bu","11:26:58",1785100
97.7,1.4,5400,"bu","11:26:53",1784500
97.7,1.4,400,"bu","11:26:36",1779100
97.7,1.4,5400,"bu","11:26:34",1778700
97.7,1.4,500,"bu","11:26:26",1773300
97.7,1.4,5400,"bu","11:26:24",1772800
97.7,1.4,1500,"bu","11:26:23",1767400
97.6,1.3,200,"sd","11:26:19",1765900
97.6,1.3,300,"sd","11:26:13",1765700
97.7,1.4,1800,"bu","11:26:10",1765400
97.7,1.4,100,"bu","11:25:40",1763600
97.7,1.4,100,"bu","11:25:37",1763500
97.6,1.3,200,"sd","11:25:21",1763400
97.7,1.4,300,"bu","11:24:57",1763200
97.7,1.4,300,"sd","11:24:49",1762900
97.8,1.5,1800,"bu","11:24:39",1762600
97.7,1.4,1000,"sd","11:24:36",1760800
97.7,1.4,500,"bu","11:24:27",1759800
97.7,1.4,1900,"sd","11:24:19",1759300
97.8,1.5,100,"bu","11:24:11",1757400
97.8,1.5,1500,"bu","11:23:43",1757300
97.8,1.5,1800,"bu","11:23:32",1755800
97.8,1.5,1000,"bu","11:23:26",1754000
97.8,1.5,300,"bu","11:23:00",1753000
97.7,1.4,500,"sd","11:22:47",1752700
97.8,1.5,1800,"bu","11:22:39",1752200
97.7,1.4,5000,"sd","11:22:38",1750400
97.8,1.5,1000,"bu","11:22:37",1745400
97.8,1.5,200,"bu","11:22:33",1744400
97.7,1.4,400,"sd","11:22:23",1744200
97.7,1.4,3500,"bu","11:22:22",1743800
97.7,1.4,1800,"bu","11:22:18",1740300
97.7,1.4,200,"bu","11:22:16",1738500
97.7,1.4,5400,"bu","11:22:08",1738300
97.7,1.4,5400,"bu","11:21:56",1732900
97.7,1.4,2000,"bu","11:21:49",1727500
97.7,1.4,800,"bu","11:21:41",1725500
97.7,1.4,5400,"bu","11:21:40",1724700
97.7,1.4,1200,"bu","11:21:38",1719300
97.6,1.3,3800,"bu","11:21:38",1718100
97.6,1.3,800,"bu","11:21:33",1714300
97.6,1.3,4400,"bu","11:21:32",1713500
97.6,1.3,2800,"bu","11:21:29",1709100
97.6,1.3,900,"bu","11:21:29",1706300
97.6,1.3,800,"bu","11:21:27",1705400
97.5,1.2,2900,"bu","11:21:23",1704600
97.5,1.2,800,"bu","11:21:21",1701700
97.5,1.2,4000,"bu","11:21:18",1700900
97.5,1.2,800,"bu","11:21:15",1696900
97.5,1.2,800,"bu","11:21:10",1696100
97.5,1.2,3300,"bu","11:21:07",1695300
97.5,1.2,800,"bu","11:21:04",1692000
97.5,1.2,800,"bu","11:21:03",1691200
97.5,1.2,3900,"bu","11:21:00",1690400
97.5,1.2,800,"bu","11:20:55",1686500
97.5,1.2,5400,"bu","11:20:53",1685700
97.5,1.2,400,"bu","11:20:50",1680300
97.4,1.1,400,"bu","11:20:50",1679900
97.4,1.1,800,"bu","11:20:46",1679500
97.4,1.1,4200,"bu","11:20:44",1678700
97.3,1,100,"sd","11:20:41",1674500
97.4,1.1,5400,"bu","11:20:40",1674400
97.4,1.1,800,"bu","11:20:39",1669000
97.4,1.1,800,"bu","11:20:34",1668200
97.4,1.1,100,"bu","11:20:32",1667400
97.4,1.1,4100,"bu","11:20:31",1667300
97.4,1.1,5400,"bu","11:20:30",1663200
97.4,1.1,800,"bu","11:20:29",1657800
97.4,1.1,800,"bu","11:20:24",1657000
97.4,1.1,6200,"bu","11:20:19",1656200
97.4,1.1,3800,"bu","11:20:17",1650000
97.4,1.1,800,"bu","11:20:12",1646200
97.3,1,1100,"bu","11:19:56",1645400
97.3,1,1800,"bu","11:19:32",1644300
97.3,1,100,"bu","11:19:01",1642500
97.3,1,200,"bu","11:18:20",1642400
97.3,1,100,"bu","11:18:10",1642200
97.3,1,800,"bu","11:17:36",1642100
97.3,1,100,"bu","11:17:27",1641300
97.2,0.9,5300,"bu","11:16:46",1641200
97.1,0.8,200,"sd","11:16:35",1635900
97.2,0.9,400,"bu","11:16:14",1635700
97.2,0.9,5400,"bu","11:16:11",1635300
97.1,0.8,100,"sd","11:15:48",1629900
97.1,0.8,300,"sd","11:15:36",1629800
97.2,0.9,500,"bu","11:15:36",1629500
97.1,0.8,700,"sd","11:15:31",1629000
97.1,0.8,1700,"sd","11:15:26",1628300
97.1,0.8,1700,"sd","11:15:16",1626600
97.1,0.8,1400,"bu","11:15:05",1624900
97,0.7,100,"sd","11:14:59",1623500
97,0.7,100,"sd","11:14:56",1623400
97.1,0.8,500,"bu","11:14:47",1623300
97.1,0.8,500,"bu","11:14:46",1622800
97,0.7,200,"sd","11:14:39",1622300
97.1,0.8,200,"bu","11:14:28",1622100
97.1,0.8,100,"bu","11:14:27",1621900
97.1,0.8,2500,"sd","11:14:13",1621800
97.1,0.8,7900,"sd","11:14:09",1619300
97.1,0.8,100,"sd","11:14:03",1611400
97.1,0.8,200,"sd","11:13:40",1611300
97.1,0.8,200,"sd","11:12:42",1611100
97.1,0.8,1000,"sd","11:12:33",1610900
97.2,0.9,2000,"bu","11:12:32",1609900
97.2,0.9,900,"sd","11:11:45",1607800
97.2,0.9,800,"sd","11:11:31",1606900
97.2,0.9,6000,"sd","11:11:20",1606100
97.2,0.9,5000,"sd","11:10:29",1600100
97.2,0.9,700,"sd","11:10:10",1595100
97.3,1,100,"bu","11:09:53",1594400
97.3,1,1300,"bu","11:09:43",1594300
97.3,1,700,"sd","11:09:35",1593000
97.3,1,7300,"bu","11:09:23",1592300
97.3,1,2000,"bu","11:09:12",1585000
97.3,1,2000,"bu","11:08:58",1583000
97.3,1,300,"bu","11:08:50",1581000
97.3,1,200,"bu","11:08:49",1580700
97.2,0.9,200,"sd","11:08:48",1580500
97.3,1,5000,"bu","11:08:25",1580300
97.2,0.9,100,"sd","11:07:50",1575300
97.2,0.9,100,"sd","11:07:13",1575200
97.2,0.9,3400,"sd","11:06:44",1575100
97.2,0.9,300,"bu","11:06:40",1571700
97.2,0.9,4600,"sd","11:06:25",1571400
97.3,1,100,"bu","11:06:22",1566800
97.2,0.9,3000,"sd","11:06:18",1566700
97.2,0.9,1900,"sd","11:06:09",1563700
97.3,1,1100,"sd","11:06:09",1561800
97.4,1.1,7900,"sd","11:05:59",1560700
97.5,1.2,200,"sd","11:05:59",1552800
97.6,1.3,5400,"sd","11:05:49",1552600
97.5,1.2,700,"sd","11:05:38",1547200
97.6,1.3,1800,"sd","11:05:38",1546500
97.5,1.2,15200,"sd","11:05:30",1544700
97.6,1.3,1600,"bu","11:05:11",1524700
97.6,1.3,5400,"bu","11:04:59",1523100
97.5,1.2,1000,"sd","11:04:49",1517700
97.5,1.2,6700,"bu","11:04:21",1516700
97.5,1.2,5400,"bu","11:04:16",1510000
97.4,1.1,3800,"bu","11:04:01",1504600
97.4,1.1,1000,"bu","11:03:59",1500800
97.4,1.1,1000,"bu","11:03:55",1499800
97.4,1.1,5400,"bu","11:03:50",1498800
97.4,1.1,100,"bu","11:03:48",1493400
97.4,1.1,800,"bu","11:03:41",1493300
97.4,1.1,5400,"bu","11:03:40",1492500
97.4,1.1,4900,"bu","11:03:39",1487100
97.4,1.1,800,"bu","11:03:31",1482200
97.4,1.1,5400,"bu","11:03:28",1481400
97.4,1.1,800,"bu","11:03:27",1476000
97.4,1.1,2000,"bu","11:03:26",1475200
97.3,1,100,"sd","11:03:23",1473200
97.4,1.1,300,"bu","11:03:18",1473100
97.4,1.1,5400,"bu","11:03:11",1472800
97.3,1,200,"sd","11:02:58",1467400
97.3,1,2000,"sd","11:02:34",1467200
97.3,1,200,"sd","11:02:33",1465200
97.3,1,900,"sd","11:02:22",1465000
97.3,1,200,"sd","11:02:00",1464100
97.4,1.1,100,"bu","11:01:27",1463900
97.4,1.1,1800,"bu","11:01:20",1463800
97.4,1.1,1800,"bu","11:01:01",1462000
97.4,1.1,100,"bu","11:00:45",1460200
97.4,1.1,2000,"bu","11:00:35",1460100
97.4,1.1,3000,"bu","10:59:59",1458100
97.4,1.1,200,"bu","10:59:43",1455100
97.4,1.1,100,"bu","10:59:27",1454900
97.4,1.1,100,"bu","10:59:26",1454800
97.3,1,8900,"bu","10:59:01",1454700
97.2,0.9,2400,"sd","10:58:55",1445800
97.2,0.9,100,"sd","10:58:46",1443400
97.2,0.9,200,"sd","10:58:05",1443300
97.2,0.9,300,"bu","10:58:01",1443100
97.2,0.9,5000,"bu","10:57:40",1442800
97.1,0.8,200,"sd","10:57:08",1437800
97.2,0.9,2000,"bu","10:57:04",1437600
97.1,0.8,500,"sd","10:56:45",1435600
97.1,0.8,200,"sd","10:56:09",1435100
97.2,0.9,1100,"bu","10:55:55",1434900
97.2,0.9,500,"bu","10:55:20",1433800
97.1,0.8,200,"sd","10:55:11",1433300
97.2,0.9,100,"bu","10:54:56",1433100
97.1,0.8,200,"sd","10:54:12",1433000
97.2,0.9,100,"bu","10:54:12",1432800
97.1,0.8,1000,"sd","10:54:08",1432700
97.1,0.8,2000,"sd","10:53:48",1431700
97.2,0.9,600,"bu","10:53:29",1429700
97.1,0.8,300,"sd","10:53:28",1429100
97.1,0.8,500,"sd","10:53:22",1428800
97.1,0.8,300,"sd","10:53:21",1428300
97.1,0.8,100,"sd","10:53:19",1428000
97.1,0.8,1500,"sd","10:53:15",1427900
97.1,0.8,200,"sd","10:53:14",1426400
97.1,0.8,300,"sd","10:53:11",1426200
97.1,0.8,600,"sd","10:53:06",1425900
97.1,0.8,700,"sd","10:53:01",1425300
97.1,0.8,1000,"sd","10:52:59",1424600
97.1,0.8,800,"sd","10:52:56",1423600
97.1,0.8,100,"sd","10:52:41",1422800
97.1,0.8,200,"sd","10:52:16",1422700
97.1,0.8,100,"sd","10:51:42",1422500
97.1,0.8,100,"sd","10:51:34",1422400
97.1,0.8,500,"sd","10:51:16",1422300
97.1,0.8,10000,"sd","10:51:09",1421800
97.1,0.8,500,"sd","10:50:57",1411800
97.2,0.9,200,"bu","10:50:20",1411300
97.2,0.9,2100,"sd","10:50:09",1411100
97.2,0.9,500,"sd","10:49:15",1409000
97.2,0.9,100,"sd","10:49:11",1408500
97.2,0.9,4200,"bu","10:49:02",1408400
97.2,0.9,100,"bu","10:48:37",1404200
97.2,0.9,100,"bu","10:48:22",1404100
97.1,0.8,200,"sd","10:48:22",1404000
97.1,0.8,1000,"sd","10:48:00",1403800
97.1,0.8,1700,"sd","10:47:55",1402800
97.1,0.8,13300,"sd","10:47:32",1401100
97.1,0.8,200,"sd","10:47:24",1387800
97.1,0.8,200,"sd","10:46:25",1387600
97.1,0.8,100,"sd","10:46:20",1387400
97.1,0.8,1800,"sd","10:45:47",1387300
97.1,0.8,200,"sd","10:45:26",1385500
97.1,0.8,100,"sd","10:45:02",1385300
97.1,0.8,200,"sd","10:44:29",1385200
97.1,0.8,300,"sd","10:43:30",1385000
97.2,0.9,700,"bu","10:43:27",1384700
97.2,0.9,500,"bu","10:42:58",1384000
97.1,0.8,100,"sd","10:42:44",1383500
97.1,0.8,200,"sd","10:42:32",1383400
97.1,0.8,200,"sd","10:41:34",1383200
97.1,0.8,900,"bu","10:41:24",1383000
97.1,0.8,1100,"bu","10:41:20",1382100
97.1,0.8,300,"bu","10:41:01",1381000
97.1,0.8,2800,"sd","10:40:55",1380700
97.1,0.8,200,"sd","10:40:35",1377900
97.2,0.9,1600,"sd","10:40:12",1377700
97.2,0.9,300,"sd","10:39:55",1376100
97.2,0.9,100,"sd","10:39:42",1375800
97.2,0.9,200,"sd","10:39:37",1375700
97.1,0.8,1000,"sd","10:39:02",1375500
97.2,0.9,9000,"sd","10:39:02",1374500
97.2,0.9,400,"sd","10:38:52",1365500
97.3,1,1000,"bu","10:38:17",1365100
97.3,1,1000,"bu","10:38:10",1364100
97.3,1,100,"bu","10:36:21",1363100
97.2,0.9,100,"sd","10:36:03",1363000
97.2,0.9,200,"sd","10:35:43",1362900
97.2,0.9,1700,"bu","10:35:42",1362700
97,0.7,200,"sd","10:34:45",1361000
97,0.7,200,"sd","10:33:46",1360800
97,0.7,1200,"bu","10:33:44",1360600
97,0.7,5000,"bu","10:33:27",1359400
97,0.7,400,"bu","10:33:25",1354400
97,0.7,1200,"bu","10:32:59",1354000
97,0.7,1000,"bu","10:32:58",1352800
97,0.7,200,"bu","10:32:56",1351800
97,0.7,2000,"bu","10:32:55",1351600
96.9,0.6,200,"sd","10:32:48",1349600
97,0.7,200,"bu","10:32:41",1349400
97,0.7,500,"bu","10:32:33",1349200
97,0.7,16000,"sd","10:32:20",1348700
97.1,0.8,1600,"sd","10:32:20",1332700
97.1,0.8,2000,"sd","10:32:12",1331100
97.1,0.8,100,"sd","10:32:08",1329100
97.2,0.9,100,"bu","10:32:06",1329000
97.1,0.8,200,"sd","10:31:50",1328900
97.1,0.8,100,"sd","10:31:39",1328700
97.1,0.8,100,"bu","10:31:10",1328600
97.1,0.8,100,"sd","10:30:51",1328500
97.1,0.8,200,"sd","10:29:53",1328400
97,0.7,8900,"sd","10:29:42",1328200
97.1,0.8,6100,"sd","10:29:42",1319300
97.1,0.8,500,"sd","10:29:17",1313200
97.1,0.8,200,"sd","10:28:55",1312700
97.1,0.8,600,"sd","10:28:54",1312500
97.1,0.8,10000,"sd","10:28:40",1311900
97.2,0.9,300,"sd","10:27:56",1301900
97.2,0.9,100,"sd","10:27:50",1301600
97.2,0.9,200,"sd","10:27:20",1301500
97.2,0.9,4000,"sd","10:27:09",1301300
97.3,1,1000,"bu","10:27:04",1297300
97.2,0.9,2000,"sd","10:26:59",1296300
97.2,0.9,3100,"sd","10:26:40",1294300
97.2,0.9,1000,"sd","10:26:25",1291200
97.3,1,500,"bu","10:25:44",1290200
97.2,0.9,800,"sd","10:25:32",1289700
97.3,1,200,"bu","10:25:23",1288900
97.3,1,4400,"sd","10:24:55",1288700
97.3,1,100,"sd","10:24:45",1284300
97.3,1,8300,"sd","10:24:43",1284200
97.3,1,6500,"sd","10:24:18",1275900
97.4,1.1,2000,"bu","10:24:00",1269400
97.3,1,4000,"sd","10:23:49",1267400
97.3,1,100,"sd","10:23:26",1263400
97.4,1.1,100,"sd","10:23:12",1263300
97.3,1,6200,"sd","10:22:44",1263200
97.4,1.1,13800,"sd","10:22:44",1257000
97.4,1.1,500,"sd","10:22:34",1243200
97.4,1.1,3600,"sd","10:22:04",1242700
97.4,1.1,700,"sd","10:21:45",1239100
97.4,1.1,100,"sd","10:21:08",1238400
97.5,1.2,2000,"bu","10:21:00",1238300
97.4,1.1,100,"sd","10:20:45",1236300
97.4,1.1,500,"sd","10:20:36",1236200
97.5,1.2,1000,"bu","10:20:34",1235700
97.5,1.2,100,"bu","10:20:11",1234700
97.5,1.2,400,"bu","10:19:52",1234600
97.5,1.2,2000,"bu","10:19:21",1234200
97.5,1.2,300,"bu","10:19:11",1232200
97.4,1.1,800,"sd","10:19:08",1231900
97.5,1.2,3300,"bu","10:18:50",1231100
97.4,1.1,4000,"sd","10:18:27",1227800
97.4,1.1,100,"sd","10:18:14",1223800
97.5,1.2,5600,"sd","10:17:42",1223700
97.5,1.2,300,"sd","10:17:41",1218100
97.5,1.2,100,"sd","10:17:39",1217800
97.5,1.2,700,"sd","10:17:20",1217700
97.5,1.2,400,"sd","10:17:12",1217000
97.5,1.2,300,"sd","10:16:43",1216600
97.5,1.2,2400,"bu","10:16:37",1216300
97.5,1.2,100,"bu","10:16:32",1213900
97.5,1.2,200,"sd","10:16:12",1213800
97.5,1.2,7900,"sd","10:16:00",1213600
97.6,1.3,2100,"sd","10:16:00",1205700
97.6,1.3,100,"sd","10:15:50",1203600
97.6,1.3,300,"sd","10:15:46",1203500
97.6,1.3,700,"bu","10:15:41",1203200
97.6,1.3,1000,"bu","10:15:37",1202500
97.6,1.3,100,"bu","10:15:28",1201500
97.6,1.3,1000,"bu","10:15:20",1201400
97.5,1.2,2000,"sd","10:15:20",1200400
97.5,1.2,300,"sd","10:15:17",1198400
97.6,1.3,100,"bu","10:15:17",1198100
97.6,1.3,500,"bu","10:15:15",1198000
97.5,1.2,1000,"sd","10:15:13",1197500
97.6,1.3,1000,"bu","10:15:08",1196500
97.6,1.3,2000,"bu","10:15:04",1195500
97.5,1.2,100,"sd","10:15:03",1193500
97.5,1.2,400,"sd","10:14:48",1193400
97.5,1.2,700,"sd","10:14:42",1193000
97.5,1.2,2600,"sd","10:14:31",1192300
97.5,1.2,100,"sd","10:14:30",1189700
97.5,1.2,100,"sd","10:14:22",1189600
97.5,1.2,400,"sd","10:14:19",1189500
97.5,1.2,5000,"sd","10:14:17",1189100
97.5,1.2,200,"sd","10:14:14",1184100
97.5,1.2,100,"sd","10:14:12",1183900
97.5,1.2,28900,"bu","10:14:10",1183800
97.4,1.1,200,"sd","10:14:05",1154900
97.5,1.2,300,"bu","10:13:42",1154700
97.4,1.1,1000,"sd","10:13:40",1154400
97.5,1.2,5000,"bu","10:13:32",1153400
97.5,1.2,1000,"bu","10:13:19",1148400
97.4,1.1,100,"sd","10:12:40",1147400
97.4,1.1,200,"sd","10:12:35",1147300
97.4,1.1,1100,"bu","10:12:25",1147100
97.4,1.1,12100,"bu","10:12:25",1146000
97.4,1.1,500,"bu","10:12:21",1133900
97.4,1.1,300,"bu","10:12:01",1133400
97.3,1,100,"sd","10:11:34",1133100
97.3,1,500,"sd","10:11:10",1133000
97.3,1,200,"sd","10:10:39",1132500
97.3,1,100,"sd","10:09:55",1132300
97.3,1,900,"sd","10:09:43",1132200
97.3,1,100,"sd","10:09:34",1131300
97.4,1.1,500,"bu","10:09:31",1131200
97.3,1,500,"sd","10:09:24",1130700
97.3,1,200,"sd","10:09:21",1130200
97.3,1,100,"sd","10:07:57",1130000
97.4,1.1,2000,"bu","10:07:37",1129900
97.3,1,300,"sd","10:07:35",1127900
97.3,1,100,"sd","10:07:09",1127600
97.3,1,1700,"bu","10:06:53",1127500
97.2,0.9,300,"sd","10:06:39",1125800
97.2,0.9,100,"sd","10:06:07",1125500
97.2,0.9,100,"bu","10:06:02",1125400
97.2,0.9,200,"sd","10:06:00",1125300
97.2,0.9,100,"sd","10:05:56",1125100
97.2,0.9,400,"sd","10:05:53",1125000
97.2,0.9,6000,"sd","10:05:44",1124600
97.2,0.9,300,"sd","10:05:30",1118600
97.2,0.9,3900,"sd","10:05:22",1118300
97.3,1,100,"sd","10:05:22",1114400
97.3,1,200,"sd","10:05:17",1114300
97.3,1,700,"bu","10:05:09",1114100
97.3,1,100,"bu","10:04:55",1113400
97.2,0.9,100,"sd","10:04:50",1113300
97.2,0.9,400,"sd","10:04:21",1113200
97.3,1,3600,"sd","10:04:21",1112800
97.3,1,300,"sd","10:04:04",1109200
97.3,1,700,"sd","10:03:50",1108900
97.4,1.1,1000,"bu","10:03:08",1108200
97.4,1.1,400,"bu","10:02:54",1107200
97.3,1,2700,"sd","10:02:53",1106500
97.3,1,800,"sd","10:02:47",1103800
97.3,1,2000,"sd","10:02:45",1103000
97.3,1,800,"sd","10:02:42",1101000
97.3,1,800,"sd","10:02:37",1100200
97.4,1.1,100,"bu","10:02:34",1099400
97.3,1,800,"sd","10:02:34",1099300
97.3,1,800,"sd","10:02:28",1098500
97.4,1.1,500,"bu","10:02:25",1097700
97.4,1.1,3000,"bu","10:02:24",1097200
97.3,1,800,"sd","10:02:21",1094200
97.4,1.1,3000,"bu","10:02:16",1093400
97.3,1,600,"sd","10:01:53",1090400
97.3,1,400,"sd","10:01:46",1089800
97.3,1,300,"sd","10:01:26",1089400
97.4,1.1,700,"bu","10:01:20",1089100
97.4,1.1,500,"bu","10:01:19",1088400
97.3,1,800,"sd","10:01:10",1087900
97.4,1.1,1600,"bu","10:01:08",1087100
97.3,1,800,"sd","10:01:05",1085500
97.4,1.1,2500,"bu","10:00:41",1084700
97.4,1.1,500,"bu","10:00:36",1082200
97.4,1.1,100,"bu","10:00:32",1081700
97.4,1.1,500,"bu","10:00:29",1081600
97.4,1.1,2800,"bu","10:00:19",1081100
97.3,1,100,"sd","10:00:17",1078300
97.4,1.1,500,"bu","10:00:16",1078200
97.4,1.1,100,"bu","10:00:05",1077700
97.3,1,3500,"sd","09:59:57",1077600
97.4,1.1,8100,"sd","09:59:56",1074100
97.4,1.1,1500,"sd","09:59:54",1066000
97.4,1.1,800,"sd","09:59:44",1064500
97.4,1.1,1000,"sd","09:59:37",1063700
97.4,1.1,1000,"sd","09:59:32",1062700
97.4,1.1,300,"sd","09:59:28",1061700
97.4,1.1,500,"sd","09:59:25",1061400
97.4,1.1,1000,"sd","09:59:23",1060900
97.4,1.1,100,"sd","09:59:21",1059900
97.4,1.1,100,"sd","09:59:15",1059800
97.4,1.1,800,"sd","09:59:07",1059700
97.4,1.1,100,"bu","09:59:03",1058900
97.4,1.1,1000,"bu","09:58:59",1058800
97.4,1.1,100,"sd","09:58:58",1057800
97.3,1,1900,"sd","09:58:57",1057700
97.4,1.1,200,"sd","09:58:57",1055800
97.4,1.1,800,"bu","09:58:53",1055600
97.4,1.1,9400,"sd","09:58:53",1054800
97.4,1.1,1000,"sd","09:58:52",1045400
97.4,1.1,500,"sd","09:58:50",1044400
97.4,1.1,5000,"sd","09:58:37",1043900
97.5,1.2,2000,"bu","09:58:34",1038900
97.4,1.1,5000,"sd","09:58:20",1036900
97.4,1.1,100,"sd","09:58:19",1031900
97.4,1.1,100,"sd","09:58:05",1031800
97.4,1.1,200,"bu","09:58:03",1031700
97.3,1,2800,"sd","09:58:02",1031500
97.3,1,100,"sd","09:58:01",1028700
97.4,1.1,800,"sd","09:57:57",1028600
97.4,1.1,2100,"sd","09:57:50",1027800
97.5,1.2,400,"bu","09:57:44",1025700
97.4,1.1,5400,"sd","09:57:37",1025300
97.5,1.2,500,"sd","09:57:35",1019900
97.6,1.3,2000,"bu","09:57:35",1019400
97.5,1.2,5000,"sd","09:57:34",1017400
97.5,1.2,800,"sd","09:57:34",1012400
97.6,1.3,600,"bu","09:57:31",1011600
97.5,1.2,800,"sd","09:57:28",1011000
97.6,1.3,300,"bu","09:57:28",1010200
97.5,1.2,300,"sd","09:57:28",1009900
97.5,1.2,800,"sd","09:57:24",1009600
97.6,1.3,1000,"bu","09:57:22",1008800
97.6,1.3,1400,"sd","09:57:20",1007800
97.6,1.3,800,"sd","09:57:18",1006400
97.6,1.3,1000,"sd","09:57:17",1005600
97.6,1.3,5000,"sd","09:57:13",1004600
97.6,1.3,800,"sd","09:57:12",999600
97.6,1.3,800,"sd","09:57:07",998800
97.6,1.3,9000,"sd","09:57:06",998000
97.6,1.3,800,"sd","09:57:01",989000
97.6,1.3,300,"sd","09:56:59",988200
97.6,1.3,800,"sd","09:56:58",987900
97.6,1.3,100,"sd","09:56:56",987100
97.6,1.3,800,"sd","09:56:53",987000
97.6,1.3,800,"sd","09:56:48",986200
97.6,1.3,100,"sd","09:56:46",985400
97.7,1.4,200,"bu","09:56:46",985300
97.6,1.3,800,"sd","09:56:43",985100
97.6,1.3,9400,"sd","09:56:42",984300
97.6,1.3,800,"sd","09:56:37",974900
97.6,1.3,800,"sd","09:56:31",974100
97.6,1.3,400,"sd","09:56:30",973300
97.7,1.4,100,"bu","09:56:27",972900
97.6,1.3,800,"sd","09:56:25",972800
97.6,1.3,800,"sd","09:56:22",972000
97.6,1.3,5000,"sd","09:56:16",971200
97.6,1.3,800,"sd","09:56:15",966200
97.7,1.4,300,"bu","09:56:10",965400
97.7,1.4,5400,"sd","09:56:09",965100
97.7,1.4,100,"sd","09:56:06",959700
97.7,1.4,400,"sd","09:56:01",959600
97.7,1.4,100,"sd","09:55:57",959200
97.8,1.5,1000,"bu","09:55:49",959100
97.8,1.5,200,"bu","09:55:40",958100
97.7,1.4,5000,"sd","09:55:39",957900
97.7,1.4,400,"sd","09:55:32",952900
97.8,1.5,1000,"bu","09:55:31",952500
97.7,1.4,800,"sd","09:55:27",951500
97.8,1.5,1000,"bu","09:55:14",950700
97.7,1.4,200,"sd","09:55:10",949700
97.7,1.4,400,"sd","09:55:03",949500
97.8,1.5,1000,"bu","09:54:56",949100
97.8,1.5,1000,"bu","09:54:52",948100
97.8,1.5,700,"bu","09:54:48",947100
97.7,1.4,800,"sd","09:54:42",946400
97.8,1.5,200,"bu","09:54:39",945600
97.8,1.5,1300,"bu","09:54:36",945400
97.7,1.4,400,"sd","09:54:34",944100
97.8,1.5,800,"bu","09:54:34",943700
97.8,1.5,500,"bu","09:54:33",942900
97.7,1.4,1900,"sd","09:54:15",942400
97.8,1.5,1100,"sd","09:54:15",940500
97.8,1.5,500,"sd","09:54:14",939400
97.8,1.5,400,"sd","09:54:06",938900
97.8,1.5,400,"bu","09:53:48",938500
97.7,1.4,200,"bu","09:53:41",938100
97.6,1.3,400,"sd","09:53:37",937900
97.6,1.3,100,"sd","09:53:36",937500
97.7,1.4,100,"bu","09:53:26",937400
97.6,1.3,100,"sd","09:53:25",937300
97.6,1.3,900,"sd","09:53:20",937200
97.7,1.4,100,"sd","09:53:20",936300
97.8,1.5,300,"bu","09:53:19",936200
97.6,1.3,500,"sd","09:53:08",935900
97.9,1.6,900,"bu","09:53:07",935400
97.6,1.3,2600,"sd","09:52:58",934500
97.8,1.5,400,"sd","09:52:58",931900
97.8,1.5,600,"bu","09:52:54",931500
97.8,1.5,500,"bu","09:52:51",930900
97.8,1.5,500,"bu","09:52:50",930400
97.5,1.2,500,"sd","09:52:39",929900
97.5,1.2,3100,"sd","09:52:27",929400
97.6,1.3,3000,"sd","09:52:27",926300
97.7,1.4,2500,"sd","09:52:27",923300
97.8,1.5,1400,"sd","09:52:27",920800
97.8,1.5,100,"bu","09:52:25",919400
97.8,1.5,1000,"bu","09:52:20",919300
97.7,1.4,100,"sd","09:52:17",918300
97.8,1.5,8900,"sd","09:52:16",918200
97.8,1.5,500,"sd","09:52:10",909300
97.8,1.5,100,"sd","09:52:08",908800
97.9,1.6,3500,"sd","09:52:08",908700
97.9,1.6,100,"sd","09:52:06",905200
97.9,1.6,1000,"sd","09:52:03",905100
97.9,1.6,500,"sd","09:52:00",904100
97.9,1.6,2100,"sd","09:51:51",903600
98,1.7,500,"bu","09:51:49",901500
98,1.7,100,"bu","09:51:34",901000
98,1.7,5200,"sd","09:51:34",900900
98.1,1.8,300,"sd","09:51:34",895700
98.1,1.8,600,"sd","09:51:32",895400
98.1,1.8,1100,"bu","09:51:28",894800
98,1.7,5000,"sd","09:51:26",893700
98.1,1.8,100,"bu","09:51:24",888700
98.1,1.8,500,"bu","09:51:24",888600
98.1,1.8,100,"bu","09:51:20",888100
98,1.7,5000,"sd","09:51:19",888000
98.1,1.8,200,"bu","09:51:15",883000
98.1,1.8,200,"bu","09:51:13",882800
98.3,2,5000,"bu","09:51:11",882600
98.2,1.9,9200,"bu","09:51:11",877600
98.1,1.8,800,"bu","09:51:11",868400
98.1,1.8,200,"sd","09:51:10",867600
98.2,1.9,1800,"sd","09:51:02",867400
98.3,2,1000,"bu","09:51:01",865600
98.2,1.9,3500,"sd","09:50:59",864600
98.2,1.9,1000,"sd","09:50:57",861100
98.2,1.9,100,"sd","09:50:55",860100
98.2,1.9,500,"sd","09:50:51",860000
98.3,2,200,"bu","09:50:49",859500
98.3,2,500,"bu","09:50:46",859300
98.4,2.1,3200,"bu","09:50:45",858800
98.3,2,1800,"bu","09:50:45",855600
98.3,2,1000,"bu","09:50:44",853800
98.3,2,200,"sd","09:50:42",852800
98.3,2,800,"bu","09:50:38",852600
98.2,1.9,100,"sd","09:50:36",851800
98.3,2,5000,"bu","09:50:36",851700
98.2,1.9,3600,"sd","09:50:34",846600
98.2,1.9,200,"sd","09:50:33",843000
98.2,1.9,100,"sd","09:50:31",842800
98.3,2,1000,"bu","09:50:29",842700
98.2,1.9,1100,"sd","09:50:29",841700
98.2,1.9,200,"bu","09:50:27",840600
98.1,1.8,500,"sd","09:50:26",840400
98.2,1.9,5000,"bu","09:50:26",839900
98.1,1.8,300,"sd","09:50:25",834900
98.1,1.8,800,"sd","09:50:24",834600
98.1,1.8,500,"sd","09:50:23",833800
98.2,1.9,40000,"bu","09:50:21",833300
98.1,1.8,5000,"sd","09:50:21",793300
98.1,1.8,300,"sd","09:50:19",788300
98.1,1.8,800,"sd","09:50:19",788000
98.1,1.8,100,"sd","09:50:18",787200
98.1,1.8,1100,"sd","09:50:18",787100
98.2,1.9,100,"bu","09:50:16",786000
98.1,1.8,100,"sd","09:50:15",785900
98.1,1.8,100,"sd","09:50:12",785800
98.1,1.8,200,"sd","09:50:10",784900
98.1,1.8,800,"sd","09:50:08",784700
98.1,1.8,900,"sd","09:50:03",783900
98.1,1.8,500,"sd","09:50:02",783000
98.1,1.8,200,"sd","09:49:59",782500
98.1,1.8,600,"sd","09:49:58",782300
98.1,1.8,500,"sd","09:49:58",781700
98.1,1.8,800,"sd","09:49:57",781200
98.1,1.8,600,"sd","09:49:56",780400
98,1.7,200,"sd","09:49:55",779800
98.2,1.9,10800,"bu","09:49:55",779600
98.1,1.8,15200,"bu","09:49:55",768800
98.1,1.8,5900,"bu","09:49:55",753600
98,1.7,10300,"sd","09:49:53",747700
98,1.7,800,"sd","09:49:51",737400
98,1.7,14400,"sd","09:49:47",736600
98,1.7,200,"sd","09:49:47",722200
98,1.7,3900,"sd","09:49:46",722000
98.1,1.8,10700,"bu","09:49:45",718100
98,1.7,100,"sd","09:49:44",707400
98,1.7,900,"sd","09:49:43",707300
98.1,1.8,200,"bu","09:49:42",706400
98,1.7,200,"sd","09:49:39",706200
98.1,1.8,200,"bu","09:49:38",706000
98,1.7,800,"sd","09:49:36",705800
98,1.7,20500,"sd","09:49:34",705000
98,1.7,100,"sd","09:49:33",684500
98,1.7,900,"sd","09:49:32",684400
98.1,1.8,200,"bu","09:49:31",683500
98,1.7,10500,"bu","09:49:31",683300
97.9,1.6,800,"sd","09:49:26",672800
98,1.7,1000,"bu","09:49:23",672000
97.8,1.5,800,"sd","09:49:22",671000
97.9,1.6,1000,"bu","09:49:22",670200
97.8,1.5,100,"sd","09:49:19",669200
97.9,1.6,100,"bu","09:49:19",669100
97.8,1.5,800,"sd","09:49:16",669000
98,1.7,1000,"sd","09:49:13",668200
98,1.7,200,"sd","09:49:13",667200
98,1.7,100,"sd","09:49:12",667000
98,1.7,28000,"bu","09:49:10",666900
97.9,1.6,700,"bu","09:49:10",638900
97.7,1.4,800,"sd","09:49:10",638200
97.7,1.4,500,"sd","09:49:06",637400
97.7,1.4,800,"sd","09:49:01",636100
97.7,1.4,800,"sd","09:48:55",635300
97.6,1.3,1000,"sd","09:48:53",634500
97.6,1.3,300,"sd","09:48:50",633500
97.7,1.4,500,"sd","09:48:50",633200
97.7,1.4,800,"sd","09:48:44",632700
98.1,1.8,400,"bu","09:48:43",631900
98,1.7,1100,"bu","09:48:43",631500
98,1.7,100,"bu","09:48:42",630400
98,1.7,7000,"bu","09:48:41",630300
98,1.7,3000,"bu","09:48:39",623300
97.7,1.4,800,"sd","09:48:38",620300
98,1.7,500,"bu","09:48:34",619500
97.7,1.4,800,"sd","09:48:34",619000
98,1.7,1000,"bu","09:48:33",618200
98,1.7,1000,"bu","09:48:31",617200
98,1.7,2600,"bu","09:48:28",616200
98,1.7,12900,"sd","09:48:27",613600
98.2,1.9,26800,"bu","09:48:25",600700
98.1,1.8,3200,"bu","09:48:25",573900
98.1,1.8,500,"bu","09:48:25",570700
98.1,1.8,500,"bu","09:48:23",570200
98,1.7,800,"sd","09:48:23",569700
98,1.7,300,"sd","09:48:22",568900
98.1,1.8,2100,"bu","09:48:21",568600
98,1.7,800,"sd","09:48:18",566500
98.2,1.9,500,"bu","09:48:17",565700
98.1,1.8,2500,"bu","09:48:17",565200
98,1.7,500,"sd","09:48:15",562700
98.1,1.8,5000,"bu","09:48:14",562200
98.1,1.8,1000,"bu","09:48:13",557200
98,1.7,1100,"sd","09:48:13",556200
98,1.7,800,"sd","09:48:08",555100
98,1.7,2000,"sd","09:48:07",554300
98,1.7,400,"sd","09:48:05",552300
98.1,1.8,300,"bu","09:48:04",551200
98,1.7,100,"sd","09:48:03",550900
98,1.7,800,"sd","09:48:02",550800
98,1.7,100,"sd","09:48:00",550000
98,1.7,1000,"sd","09:47:57",549900
98,1.7,4000,"sd","09:47:56",548900
98,1.7,1000,"sd","09:47:54",544900
98,1.7,800,"sd","09:47:53",543900
98,1.7,200,"sd","09:47:49",543100
98.2,1.9,400,"bu","09:47:48",542900
98.2,1.9,100,"bu","09:47:47",542500
98,1.7,800,"sd","09:47:46",542400
98,1.7,5000,"sd","09:47:44",541600
98,1.7,800,"sd","09:47:43",536600
98,1.7,100,"sd","09:47:39",535800
98,1.7,63000,"bu","09:47:39",535700
97.9,1.6,3700,"bu","09:47:39",472700
97.9,1.6,400,"bu","09:47:37",469000
97.7,1.4,300,"sd","09:47:36",468600
97.8,1.5,400,"sd","09:47:36",468300
97.8,1.5,23100,"bu","09:47:31",467900
97.8,1.5,19300,"bu","09:47:31",444800
97.7,1.4,7200,"bu","09:47:31",425500
97.6,1.3,1000,"sd","09:47:27",418300
97.6,1.3,5800,"bu","09:47:21",417300
97.6,1.3,2100,"bu","09:47:20",411500
97.5,1.2,100,"sd","09:47:09",406500
97.6,1.3,1800,"bu","09:47:09",406400
97.5,1.2,2000,"sd","09:47:06",404600
97.5,1.2,10600,"bu","09:46:58",402600
97.4,1.1,5500,"bu","09:46:58",392000
97.3,1,5000,"sd","09:46:51",386500
97.3,1,200,"sd","09:46:46",381500
97.4,1.1,8400,"bu","09:46:44",381300
97.3,1,1000,"sd","09:46:37",371300
97.3,1,100,"sd","09:46:34",370300
97.3,1,1000,"sd","09:46:32",370200
97.3,1,100,"sd","09:46:28",369200
97.3,1,7600,"bu","09:46:25",369100
97.2,0.9,200,"bu","09:46:25",361500
97.3,1,1000,"bu","09:46:14",361300
97.3,1,100,"bu","09:46:10",360300
97.3,1,300,"bu","09:46:09",360200
97.3,1,1200,"bu","09:46:08",359900
97.2,0.9,200,"sd","09:46:07",357900
97.2,0.9,300,"sd","09:46:07",357700
97.3,1,1000,"bu","09:45:58",357400
97.4,1.1,700,"bu","09:45:53",356400
97.3,1,300,"bu","09:45:53",355700
97.3,1,300,"sd","09:45:48",354700
97.3,1,200,"sd","09:45:47",354400
97.3,1,1000,"bu","09:45:41",354200
97.3,1,5000,"bu","09:45:40",353200
97.3,1,100,"sd","09:45:39",348200
97.3,1,500,"sd","09:45:37",348100
97.3,1,300,"sd","09:45:19",347600
97.3,1,400,"sd","09:45:18",347300
97.3,1,3600,"sd","09:45:17",346900
97.3,1,5000,"sd","09:45:14",343300
97.5,1.2,21400,"bu","09:45:13",338300
97.4,1.1,8600,"bu","09:45:13",316900
97.3,1,9600,"sd","09:45:09",308300
97.3,1,400,"bu","09:45:03",298700
97.3,1,6600,"bu","09:45:02",298300
97.2,0.9,100,"sd","09:44:49",285700
97.2,0.9,100,"sd","09:44:47",285600
97.3,1,500,"bu","09:44:47",285500
97.3,1,100,"bu","09:44:42",285000
97.2,0.9,100,"bu","09:44:39",284900
97.2,0.9,400,"bu","09:44:33",284800
97.2,0.9,100,"bu","09:44:32",284400
97.1,0.8,200,"sd","09:44:32",284300
97.2,0.9,8000,"bu","09:44:27",284100
97.2,0.9,1000,"bu","09:44:27",276100
97.2,0.9,1000,"bu","09:44:26",275100
97.2,0.9,3000,"bu","09:44:22",274100
97.1,0.8,100,"sd","09:44:20",271100
97.2,0.9,1500,"bu","09:44:12",271000
97.2,0.9,1000,"bu","09:44:09",269500
97.1,0.8,5000,"sd","09:44:05",268500
97.1,0.8,3200,"bu","09:44:02",263500
97,0.7,1000,"sd","09:43:55",260300
97,0.7,57400,"bu","09:43:51",259300
96.9,0.6,2600,"bu","09:43:51",201900
96.9,0.6,1000,"bu","09:43:48",199300
96.9,0.6,5000,"bu","09:43:44",198300
96.9,0.6,5000,"bu","09:43:38",193300
96.8,0.5,1000,"bu","09:43:28",188300
96.8,0.5,3000,"bu","09:43:24",187300
96.8,0.5,1000,"bu","09:43:20",184300
96.9,0.6,100,"bu","09:43:08",183300
96.7,0.4,300,"sd","09:43:04",183200
96.7,0.4,6100,"sd","09:42:48",182900
96.8,0.5,3900,"sd","09:42:48",176800
96.8,0.5,14900,"bu","09:42:44",172900
96.8,0.5,3000,"bu","09:42:27",158000
96.7,0.4,100,"sd","09:42:23",155000
96.7,0.4,300,"sd","09:42:22",154900
96.8,0.5,100,"bu","09:42:20",154600
96.7,0.4,2000,"sd","09:42:10",154500
96.7,0.4,100,"sd","09:42:07",152500
96.7,0.4,800,"bu","09:42:03",152400
96.7,0.4,2000,"bu","09:42:00",151600
96.7,0.4,1500,"bu","09:41:56",149600
96.6,0.3,100,"sd","09:41:54",148100
96.6,0.3,100,"sd","09:41:41",148000
96.6,0.3,1600,"bu","09:41:27",147900
96.6,0.3,100,"bu","09:41:00",146300
96.6,0.3,500,"sd","09:40:51",146200
96.6,0.3,400,"sd","09:40:50",145700
96.6,0.3,900,"sd","09:40:49",145300
96.6,0.3,100,"sd","09:40:43",144400
96.6,0.3,12200,"bu","09:40:32",144300
96.6,0.3,1100,"bu","09:40:26",132100
96.5,0.2,2600,"sd","09:40:19",131000
96.6,0.3,2600,"bu","09:40:19",128400
96.6,0.3,1000,"bu","09:40:01",125800
96.5,0.2,5000,"sd","09:39:41",124800
96.4,0.1,4600,"sd","09:39:09",119800
96.5,0.2,400,"sd","09:39:09",115200
96.5,0.2,600,"sd","09:39:00",114800
96.5,0.2,1000,"bu","09:38:54",114200
96.5,0.2,4000,"bu","09:38:34",113200
96.5,0.2,100,"bu","09:38:22",109200
96.5,0.2,900,"sd","09:38:19",109100
96.5,0.2,100,"bu","09:38:14",108200
96.5,0.2,300,"sd","09:38:12",108100
96.5,0.2,500,"sd","09:37:56",107800
96.6,0.3,300,"bu","09:37:47",107300
96.6,0.3,100,"bu","09:37:46",107000
96.5,0.2,900,"bu","09:37:30",106900
96.5,0.2,100,"bu","09:37:23",106000
96.4,0.1,300,"sd","09:37:22",105900
96.5,0.2,5000,"bu","09:37:21",105600
96.5,0.2,500,"bu","09:37:17",100600
96.5,0.2,1100,"bu","09:37:12",100100
96.4,0.1,1000,"sd","09:37:09",99000
96.5,0.2,500,"bu","09:37:06",98000
96.5,0.2,2000,"bu","09:37:02",97500
96.4,0.1,1300,"sd","09:36:58",95500
96.4,0.1,200,"sd","09:36:20",94200
96.5,0.2,1500,"bu","09:36:17",94000
96.4,0.1,2600,"bu","09:36:00",92500
96.4,0.1,100,"bu","09:35:59",89900
96.4,0.1,2000,"bu","09:35:40",89800
96.4,0.1,100,"bu","09:35:34",87800
96.4,0.1,5000,"bu","09:35:24",87700
96.3,0,3000,"bu","09:34:39",82700
96.3,0,200,"bu","09:33:51",79700
96.3,0,300,"bu","09:33:49",79500
96.3,0,4000,"bu","09:33:40",79200
96.3,0,600,"bu","09:33:37",75200
96.3,0,100,"bu","09:33:18",74600
96.3,0,500,"bu","09:33:17",74500
96.3,0,1000,"bu","09:32:58",74000
96.3,0,100,"bu","09:32:42",73000
96.2,-0.1,100,"sd","09:32:41",72900
96.2,-0.1,3000,"sd","09:32:34",72800
96.2,-0.1,500,"sd","09:32:31",69800
96.2,-0.1,900,"sd","09:31:54",69300
96.3,0,2000,"bu","09:31:13",68400
96.3,0,500,"bu","09:30:47",66400
96.3,0,500,"bu","09:30:24",65900
96.3,0,300,"bu","09:30:23",65400
96.2,-0.1,3000,"sd","09:30:18",65100
96.3,0,200,"bu","09:30:14",62100
96.3,0,500,"bu","09:28:42",61900
96.3,0,200,"bu","09:28:16",61400
96.2,-0.1,200,"sd","09:28:15",61200
96.2,-0.1,200,"sd","09:27:22",61000
96.2,-0.1,100,"sd","09:26:52",60800
96.3,0,100,"bu","09:26:44",60700
96.2,-0.1,700,"sd","09:26:39",60600
96.3,0,100,"bu","09:26:26",59900
96.3,0,200,"bu","09:26:24",59800
96.2,-0.1,200,"sd","09:26:08",59600
96.2,-0.1,300,"sd","09:25:39",59400
96.2,-0.1,2100,"sd","09:24:35",59100
96.3,0,900,"bu","09:24:31",56800
96.3,0,6500,"sd","09:23:52",55900
96.3,0,800,"sd","09:23:51",49400
96.3,0,800,"sd","09:23:43",48600
96.4,0.1,2600,"sd","09:23:41",47800
96.4,0.1,500,"sd","09:23:36",45200
96.5,0.2,700,"bu","09:23:06",44700
96.4,0.1,800,"sd","09:22:13",44000
96.3,0,14600,"sd","09:21:59",43200
96.4,0.1,500,"sd","09:21:59",28600
96.4,0.1,500,"bu","09:21:58",28100
96.4,0.1,100,"sd","09:21:48",27600
96.4,0.1,900,"bu","09:21:38",27500
96.4,0.1,2700,"sd","09:21:36",26600
96.5,0.2,200,"bu","09:21:34",23900
96.5,0.2,1000,"bu","09:21:33",23700
96.4,0.1,100,"sd","09:21:26",22700
96.4,0.1,100,"sd","09:21:18",22600
96.5,0.2,500,"bu","09:21:17",22500
96.4,0.1,700,"sd","09:20:59",22000
96.5,0.2,1500,"bu","09:20:57",21300
96.5,0.2,100,"bu","09:20:50",19800
96.5,0.2,100,"bu","09:20:28",19700
96.5,0.2,100,"bu","09:20:15",19600
96.4,0.1,300,"sd","09:20:05",19500
96.4,0.1,100,"sd","09:19:31",19200
96.5,0.2,200,"bu","09:19:00",19100
96.5,0.2,100,"bu","09:18:58",18900
96.5,0.2,1000,"bu","09:18:57",18800
96.5,0.2,500,"bu","09:18:53",17800
96.5,0.2,1000,"bu","09:18:21",17300
96.4,0.1,500,"sd","09:17:59",16300
96.4,0.1,4100,"sd","09:17:45",15800
96.5,0.2,900,"sd","09:17:45",11700
96.5,0.2,100,"bu","09:17:41",10800
96.5,0.2,1000,"bu","09:17:31",10700
96.5,0.2,100,"bu","09:17:23",9700
96.4,0.1,300,"sd","09:16:42",9600
96.4,0.1,500,"sd","09:16:35",9300
96.4,0.1,100,"sd","09:16:24",8800
96.5,0.2,500,"bu","09:15:39",8700
96.4,0.1,500,"bu","09:15:18",8200
96.4,0.1,200,"bu","09:15:13",7700
96.3,0,200,"sd","09:15:06",7500
96.4,0.1,300,"bu","09:15:02",7300
96.3,0,7000,"","09:15:01",7000
