"price","change","match_qtty","side","time","total_vol"
14.3,0.05,42600,"","14:45:00",1837600
14.25,0,10600,"sd","14:29:49",1795000
14.25,0,20000,"sd","14:29:40",1784400
14.3,0.05,1000,"bu","14:29:40",1764400
14.3,0.05,6300,"bu","14:29:33",1763400
14.3,0.05,500,"bu","14:29:32",1757100
14.25,0,25000,"sd","14:29:23",1756600
14.3,0.05,1000,"bu","14:29:20",1731600
14.3,0.05,1700,"bu","14:28:28",1730600
14.25,0,500,"sd","14:28:04",1728900
14.25,0,3000,"sd","14:27:37",1728400
14.25,0,2500,"sd","14:27:10",1725400
14.25,0,4000,"sd","14:27:09",1722900
14.25,0,2000,"sd","14:26:45",1718900
14.25,0,2000,"sd","14:24:48",1716900
14.3,0.05,9700,"sd","14:24:34",1714900
14.3,0.05,3000,"sd","14:24:33",1705200
14.3,0.05,10000,"sd","14:24:29",1702200
14.3,0.05,5000,"sd","14:24:24",1692200
14.3,0.05,60000,"sd","14:24:17",1687200
14.3,0.05,10000,"sd","14:24:01",1627200
14.3,0.05,3000,"sd","14:23:28",1617200
14.35,0.1,500,"bu","14:23:16",1614200
14.35,0.1,100,"bu","14:22:11",1613700
14.3,0.05,2500,"sd","14:22:08",1613600
14.3,0.05,2200,"sd","14:21:40",1611100
14.3,0.05,20000,"sd","14:21:33",1608900
14.3,0.05,200,"sd","14:20:53",1588900
14.3,0.05,300,"sd","14:20:21",1588700
14.3,0.05,1000,"sd","14:17:43",1588400
14.35,0.1,200,"bu","14:17:24",1587400
14.3,0.05,10000,"sd","14:16:59",1587200
14.3,0.05,25000,"sd","14:16:45",1577200
14.3,0.05,3000,"sd","14:16:11",1552200
14.3,0.05,2000,"sd","14:16:03",1549200
14.3,0.05,31900,"bu","14:14:46",1547200
14.3,0.05,900,"sd","14:13:51",1515300
14.3,0.05,5000,"sd","14:13:42",1514400
14.3,0.05,10000,"sd","14:13:32",1509400
14.3,0.05,400,"sd","14:13:30",1499400
14.35,0.1,2200,"bu","14:13:29",1499000
14.3,0.05,25000,"sd","14:13:19",1496800
14.3,0.05,300,"sd","14:13:12",1471800
14.3,0.05,100,"sd","14:12:55",1471500
14.3,0.05,500,"sd","14:12:52",1471400
14.3,0.05,200,"sd","14:12:34",1470900
14.3,0.05,1000,"sd","14:11:55",1470700
14.3,0.05,500,"sd","14:11:26",1469700
14.3,0.05,1000,"sd","14:10:56",1469200
14.3,0.05,200,"sd","14:10:05",1468200
14.3,0.05,100,"sd","14:09:50",1468000
14.35,0.1,15000,"bu","14:09:19",1467900
14.35,0.1,3500,"bu","14:09:09",1452900
14.35,0.1,100,"bu","14:07:45",1449400
14.35,0.1,2900,"bu","14:07:24",1449300
14.35,0.1,3300,"bu","14:07:22",1446400
14.35,0.1,10000,"bu","14:06:38",1443100
14.3,0.05,1000,"sd","14:06:09",1433100
14.35,0.1,1000,"bu","14:05:33",1432100
14.3,0.05,2000,"sd","14:05:27",1431100
14.35,0.1,2000,"bu","14:04:24",1429100
14.3,0.05,2000,"sd","14:04:10",1427100
14.3,0.05,1700,"bu","14:03:48",1425100
14.3,0.05,500,"bu","14:03:31",1423400
14.25,0,28200,"sd","14:03:18",1422900
14.3,0.05,21800,"sd","14:03:18",1394700
14.3,0.05,100,"sd","14:03:06",1372900
14.3,0.05,500,"sd","14:02:56",1372800
14.3,0.05,100,"sd","14:02:53",1372300
14.3,0.05,3000,"sd","14:02:32",1372200
14.3,0.05,300,"sd","14:02:14",1369200
14.3,0.05,600,"sd","14:02:02",1368900
14.3,0.05,1900,"sd","14:01:48",1368300
14.3,0.05,2000,"sd","14:01:36",1366400
14.3,0.05,2000,"sd","14:01:12",1364400
14.3,0.05,22000,"sd","14:00:57",1362400
14.3,0.05,100,"sd","13:59:56",1340400
14.3,0.05,4000,"sd","13:59:50",1340300
14.3,0.05,100,"sd","13:59:47",1336300
14.3,0.05,100,"sd","13:59:29",1336200
14.3,0.05,100,"sd","13:59:25",1336100
14.3,0.05,2000,"sd","13:58:57",1336000
14.3,0.05,500,"sd","13:58:22",1334000
14.3,0.05,45900,"bu","13:57:40",1333500
14.3,0.05,2500,"bu","13:56:54",1287600
14.3,0.05,2000,"bu","13:55:27",1285100
14.3,0.05,100,"bu","13:54:49",1283100
14.3,0.05,500,"bu","13:54:20",1283000
14.25,0,5000,"sd","13:54:17",1282500
14.25,0,100,"sd","13:53:14",1277500
14.25,0,2000,"sd","13:53:01",1277400
14.3,0.05,100,"bu","13:51:11",1275400
14.3,0.05,1000,"bu","13:50:10",1275300
14.3,0.05,2000,"bu","13:48:06",1274300
14.3,0.05,1000,"bu","13:48:06",1272300
14.3,0.05,500,"bu","13:46:29",1271300
14.3,0.05,4000,"bu","13:46:17",1270800
14.3,0.05,300,"bu","13:46:03",1266800
14.3,0.05,1300,"bu","13:45:48",1266500
14.3,0.05,10000,"bu","13:44:26",1265200
14.3,0.05,300,"bu","13:43:28",1255200
14.3,0.05,700,"sd","13:42:59",1254900
14.3,0.05,1500,"sd","13:42:44",1254200
14.3,0.05,2400,"sd","13:42:42",1252700
14.3,0.05,25100,"sd","13:42:42",1250300
14.3,0.05,500,"sd","13:41:43",1225200
14.3,0.05,1500,"sd","13:41:36",1224700
14.3,0.05,10000,"sd","13:41:17",1223200
14.3,0.05,500,"sd","13:40:24",1213200
14.3,0.05,4000,"sd","13:39:49",1212700
14.3,0.05,1000,"sd","13:39:33",1208700
14.3,0.05,300,"sd","13:39:16",1207700
14.3,0.05,1000,"sd","13:38:45",1207400
14.3,0.05,100,"sd","13:38:42",1206400
14.3,0.05,200,"sd","13:38:35",1206300
14.3,0.05,19000,"sd","13:38:31",1206100
14.3,0.05,4000,"sd","13:37:40",1187100
14.3,0.05,2000,"sd","13:34:43",1183100
14.3,0.05,1500,"sd","13:34:10",1181100
14.3,0.05,300,"sd","13:33:28",1179600
14.35,0.1,30500,"sd","13:32:37",1179300
14.35,0.1,2000,"sd","13:31:07",1148800
14.35,0.1,29600,"bu","13:31:02",1146800
14.35,0.1,4000,"bu","13:31:01",1117200
14.35,0.1,500,"bu","13:30:58",1113200
14.35,0.1,700,"bu","13:30:30",1112700
14.35,0.1,10000,"bu","13:30:21",1112000
14.3,0.05,3400,"sd","13:29:51",1102000
14.35,0.1,4700,"bu","13:28:32",1098600
14.3,0.05,500,"sd","13:28:26",1093900
14.3,0.05,1000,"sd","13:28:02",1093400
14.3,0.05,800,"sd","13:28:01",1092400
14.35,0.1,100,"bu","13:27:20",1091600
14.35,0.1,3000,"bu","13:26:55",1091500
14.35,0.1,3100,"bu","13:24:54",1088500
14.35,0.1,3000,"bu","13:23:32",1085400
14.3,0.05,100,"sd","13:23:01",1082400
14.3,0.05,3000,"sd","13:20:44",1082300
14.3,0.05,1300,"sd","13:19:57",1079300
14.3,0.05,5000,"sd","13:19:11",1078000
14.3,0.05,400,"sd","13:19:07",1073000
14.3,0.05,200,"sd","13:18:44",1072600
14.3,0.05,300,"sd","13:18:42",1072400
14.3,0.05,400,"sd","13:18:23",1072100
14.3,0.05,200,"sd","13:17:58",1071700
14.3,0.05,5000,"sd","13:17:41",1071500
14.3,0.05,500,"sd","13:17:23",1066500
14.3,0.05,1000,"sd","13:16:55",1066000
14.35,0.1,600,"bu","13:16:53",1065000
14.3,0.05,100,"sd","13:16:36",1064400
14.35,0.1,100,"bu","13:16:28",1064300
14.3,0.05,500,"sd","13:16:21",1064200
14.3,0.05,1000,"sd","13:16:20",1063700
14.3,0.05,5000,"sd","13:15:17",1062700
14.3,0.05,1500,"sd","13:14:46",1057700
14.35,0.1,1000,"bu","13:12:00",1056200
14.35,0.1,5000,"bu","13:10:16",1055200
14.3,0.05,2000,"sd","13:10:05",1050200
14.3,0.05,5000,"sd","13:09:26",1048200
14.3,0.05,1000,"sd","13:07:13",1043200
14.3,0.05,10000,"bu","13:07:12",1042200
14.3,0.05,16600,"bu","13:07:11",1032200
14.3,0.05,2500,"bu","13:06:55",1015600
14.3,0.05,2500,"bu","13:06:55",1013100
14.3,0.05,100,"bu","13:04:05",1010600
14.3,0.05,1000,"bu","13:03:58",1010500
14.3,0.05,100,"bu","13:03:38",1009500
14.3,0.05,100,"bu","13:03:05",1009400
14.3,0.05,10000,"bu","13:02:48",1009300
14.25,0,25600,"sd","13:01:28",999300
14.3,0.05,800,"bu","13:01:05",973700
14.3,0.05,100,"bu","13:00:46",972900
14.3,0.05,100,"bu","13:00:45",972800
14.3,0.05,16800,"sd","13:00:27",972700
14.35,0.1,400,"sd","13:00:27",955900
14.35,0.1,500,"sd","13:00:19",955500
14.35,0.1,1200,"bu","13:00:18",955000
14.3,0.05,200,"sd","13:00:18",953800
14.3,0.05,5800,"sd","13:00:13",953600
14.3,0.05,500,"sd","13:00:11",947800
14.3,0.05,500,"sd","13:00:04",947300
14.35,0.1,1900,"bu","13:00:04",946800
14.3,0.05,1000,"sd","13:00:02",944900
14.35,0.1,15000,"bu","13:00:02",943900
14.3,0.05,1100,"sd","13:00:01",928900
14.3,0.05,12000,"sd","13:00:00",927800
14.35,0.1,10100,"bu","13:00:00",915800
14.3,0.05,300,"sd","11:29:57",905700
14.35,0.1,3000,"bu","11:29:33",905400
14.3,0.05,300,"sd","11:29:26",902400
14.35,0.1,100,"bu","11:28:47",902100
14.35,0.1,9900,"sd","11:28:13",902000
14.35,0.1,800,"sd","11:28:07",892100
14.35,0.1,200,"sd","11:27:57",891300
14.35,0.1,5000,"sd","11:27:54",891100
14.35,0.1,5000,"sd","11:27:22",886100
14.35,0.1,10000,"sd","11:27:03",881100
14.35,0.1,1000,"sd","11:26:42",871100
14.35,0.1,100,"sd","11:25:57",870100
14.35,0.1,5000,"sd","11:25:52",870000
14.35,0.1,500,"sd","11:25:47",865000
14.35,0.1,200,"sd","11:25:33",864500
14.4,0.15,10000,"bu","11:25:31",864300
14.35,0.1,100,"sd","11:25:26",854300
14.35,0.1,3000,"sd","11:25:16",854200
14.35,0.1,1000,"sd","11:25:07",851200
14.35,0.1,100,"sd","11:25:00",850200
14.35,0.1,1000,"sd","11:24:58",850100
14.35,0.1,600,"sd","11:24:52",849100
14.35,0.1,1000,"sd","11:24:43",848500
14.35,0.1,5000,"sd","11:24:31",847500
14.35,0.1,10000,"sd","11:24:22",842500
14.35,0.1,100,"sd","11:24:11",832500
14.35,0.1,27600,"bu","11:23:57",832400
14.35,0.1,2000,"bu","11:23:51",804800
14.35,0.1,1000,"bu","11:23:47",802800
14.35,0.1,1000,"bu","11:23:45",801800
14.35,0.1,800,"bu","11:23:42",800800
14.3,0.05,100,"sd","11:23:33",800000
14.35,0.1,100,"bu","11:23:31",799900
14.3,0.05,100,"sd","11:23:11",799800
14.3,0.05,25700,"bu","11:23:02",799700
14.3,0.05,20300,"bu","11:23:00",774000
14.3,0.05,27800,"bu","11:22:58",753700
14.3,0.05,20000,"bu","11:21:30",725900
14.3,0.05,1200,"bu","11:19:39",705900
14.3,0.05,100,"bu","11:18:57",704700
14.3,0.05,100,"bu","11:16:47",704600
14.25,0,1000,"sd","11:16:26",704500
14.25,0,20000,"sd","11:16:20",703500
14.25,0,500,"sd","11:14:00",683500
14.25,0,800,"sd","11:13:00",683000
14.25,0,2000,"sd","11:11:16",682200
14.3,0.05,7000,"bu","11:10:47",680200
14.25,0,2400,"sd","11:10:26",673200
14.25,0,5000,"sd","11:10:04",670800
14.25,0,5000,"sd","11:08:54",665800
14.25,0,100,"sd","11:08:43",660800
14.25,0,200,"sd","11:07:11",660700
14.25,0,100,"sd","11:07:03",660500
14.25,0,15000,"sd","11:03:27",660400
14.25,0,1000,"sd","11:01:03",645400
14.25,0,60000,"sd","11:00:53",644400
14.25,0,500,"sd","11:00:17",584400
14.25,0,3500,"sd","10:58:48",583900
14.25,0,500,"sd","10:58:41",580400
14.25,0,1000,"sd","10:57:45",579900
14.25,0,1600,"sd","10:54:55",578900
14.25,0,10000,"sd","10:54:48",577300
14.25,0,5000,"sd","10:54:00",567300
14.25,0,500,"sd","10:53:42",562300
14.25,0,1100,"sd","10:52:50",561800
14.25,0,2500,"sd","10:51:45",560700
14.25,0,10000,"bu","10:49:40",558200
14.25,0,10000,"bu","10:49:12",548200
14.25,0,500,"bu","10:48:30",538200
14.25,0,2000,"bu","10:48:17",537700
14.25,0,500,"bu","10:47:39",535700
14.25,0,700,"bu","10:46:57",535200
14.25,0,8300,"sd","10:45:12",534500
14.25,0,500,"sd","10:45:02",526200
14.25,0,10000,"sd","10:44:21",525700
14.25,0,300,"sd","10:43:04",515700
14.25,0,1000,"sd","10:42:27",515400
14.25,0,200,"sd","10:42:06",514400
14.25,0,100,"sd","10:42:05",514200
14.25,0,10000,"sd","10:41:56",514100
14.25,0,4500,"sd","10:41:37",504100
14.25,0,4500,"sd","10:41:30",499600
14.25,0,100,"sd","10:40:50",495100
14.25,0,5000,"sd","10:39:41",495000
14.25,0,1700,"sd","10:39:25",490000
14.25,0,20000,"sd","10:39:25",488300
14.25,0,6800,"bu","10:39:12",468300
14.25,0,3000,"bu","10:39:01",461500
14.25,0,1000,"bu","10:38:55",458500
14.25,0,800,"sd","10:38:24",457500
14.25,0,20000,"sd","10:38:05",456700
14.25,0,30700,"bu","10:37:53",436700
14.25,0,1000,"bu","10:36:12",406000
14.25,0,100,"bu","10:35:24",405000
14.25,0,1000,"sd","10:34:16",404900
14.25,0,6300,"bu","10:33:58",403900
14.25,0,3700,"sd","10:33:14",397600
14.25,0,1100,"sd","10:33:07",393900
14.25,0,800,"sd","10:33:04",392800
14.3,0.05,100,"bu","10:31:35",392000
14.25,0,200,"sd","10:31:28",391900
14.25,0,14400,"bu","10:30:05",391700
14.25,0,500,"bu","10:29:08",377300
14.25,0,3400,"bu","10:28:13",376800
14.2,-0.05,300,"sd","10:25:30",373400
14.2,-0.05,1000,"sd","10:24:06",373100
14.25,0,500,"bu","10:23:17",372100
14.2,-0.05,400,"sd","10:20:20",371600
14.2,-0.05,15000,"sd","10:19:35",371200
14.2,-0.05,5000,"sd","10:19:32",356200
14.25,0,500,"bu","10:18:56",351200
14.25,0,400,"bu","10:18:45",350700
14.2,-0.05,300,"sd","10:17:21",350300
14.25,0,100,"bu","10:17:06",350000
14.25,0,1000,"bu","10:14:39",349900
14.25,0,1000,"bu","10:13:58",348900
14.25,0,500,"bu","10:13:11",347900
14.25,0,1500,"bu","10:12:57",347400
14.25,0,1700,"sd","10:12:33",345900
14.25,0,300,"bu","10:12:17",344200
14.25,0,4700,"sd","10:12:07",343900
14.25,0,7700,"bu","10:11:06",339200
14.25,0,500,"bu","10:11:00",331500
14.25,0,200,"bu","10:10:56",331000
14.25,0,20000,"bu","10:10:41",330800
14.2,-0.05,300,"sd","10:10:22",310800
14.2,-0.05,100,"sd","10:06:56",310500
14.2,-0.05,15800,"sd","10:06:04",310400
14.2,-0.05,4200,"sd","10:06:03",294600
14.2,-0.05,3000,"sd","10:05:19",290400
14.2,-0.05,1200,"sd","10:02:28",287400
14.25,0,200,"bu","10:02:21",286200
14.25,0,2000,"bu","10:01:11",286000
14.2,-0.05,100,"sd","10:00:50",284000
14.25,0,5000,"bu","10:00:47",283900
14.25,0,9000,"sd","09:59:22",278900
14.25,0,100,"sd","09:58:32",269900
14.25,0,1700,"sd","09:58:26",269800
14.25,0,400,"sd","09:57:27",268100
14.25,0,500,"sd","09:56:40",267700
14.25,0,3000,"bu","09:56:21",267200
14.25,0,2000,"sd","09:56:16",264200
14.25,0,700,"bu","09:56:15",262200
14.25,0,1000,"bu","09:56:10",261500
14.25,0,500,"bu","09:56:07",260500
14.25,0,2000,"bu","09:56:06",260000
14.25,0,3300,"bu","09:55:52",258000
14.25,0,400,"bu","09:55:50",254700
14.25,0,6000,"bu","09:55:42",254300
14.25,0,1000,"bu","09:55:28",248300
14.25,0,200,"bu","09:55:27",247300
14.25,0,10000,"bu","09:55:25",247100
14.25,0,200,"bu","09:55:25",237100
14.25,0,5000,"bu","09:55:14",236900
14.25,0,3600,"bu","09:54:55",231900
14.25,0,1000,"bu","09:54:54",228300
14.25,0,5000,"bu","09:54:42",227300
14.25,0,2000,"bu","09:54:25",222300
14.25,0,2000,"bu","09:52:53",220300
14.2,-0.05,400,"sd","09:52:49",218300
14.2,-0.05,2000,"sd","09:51:42",217900
14.2,-0.05,100,"sd","09:51:14",215900
14.25,0,1000,"bu","09:51:01",215800
14.25,0,2000,"bu","09:48:51",214800
14.25,0,1000,"bu","09:48:24",212800
14.25,0,300,"bu","09:46:15",211800
14.25,0,1300,"sd","09:46:01",211500
14.25,0,13000,"sd","09:45:58",210200
14.3,0.05,100,"bu","09:45:56",197200
14.25,0,3700,"bu","09:45:00",197100
14.25,0,3000,"bu","09:44:58",193400
14.25,0,1000,"bu","09:44:50",190400
14.25,0,500,"bu","09:44:45",189400
14.25,0,100,"bu","09:44:25",188900
14.2,-0.05,1000,"sd","09:42:17",188800
14.2,-0.05,6000,"sd","09:41:36",187800
14.2,-0.05,5000,"sd","09:40:52",181800
14.2,-0.05,4000,"sd","09:40:37",176800
14.2,-0.05,700,"bu","09:40:21",172800
14.2,-0.05,300,"bu","09:38:39",172100
14.2,-0.05,300,"sd","09:38:27",171800
14.2,-0.05,2200,"sd","09:38:15",171500
14.2,-0.05,11800,"sd","09:38:14",169300
14.2,-0.05,500,"sd","09:36:02",157500
14.25,0,2000,"bu","09:35:53",157000
14.25,0,500,"bu","09:35:24",155000
14.25,0,400,"bu","09:33:23",154500
14.2,-0.05,100,"sd","09:32:49",154100
14.2,-0.05,400,"sd","09:32:46",154000
14.2,-0.05,500,"sd","09:32:08",153600
14.2,-0.05,10000,"sd","09:31:18",153100
14.2,-0.05,3000,"sd","09:31:03",143100
14.25,0,14000,"bu","09:30:29",140100
14.25,0,3000,"bu","09:30:19",126100
14.25,0,100,"sd","09:30:18",123100
14.25,0,1000,"sd","09:30:17",123000
14.25,0,900,"sd","09:30:14",122000
14.25,0,18600,"sd","09:30:09",121100
14.25,0,100,"sd","09:29:47",81100
14.25,0,200,"sd","09:29:22",81000
14.3,0.05,2000,"bu","09:28:40",80800
14.3,0.05,100,"bu","09:26:48",78800
14.3,0.05,400,"sd","09:26:41",78700
14.3,0.05,2000,"sd","09:26:01",78300
14.3,0.05,5000,"sd","09:25:52",76300
14.3,0.05,500,"sd","09:25:39",71300
14.3,0.05,100,"bu","09:25:10",70800
14.3,0.05,1000,"bu","09:25:08",70700
14.3,0.05,16000,"bu","09:24:55",69700
14.3,0.05,600,"bu","09:24:29",53700
14.3,0.05,7000,"bu","09:23:47",53100
14.25,0,100,"sd","09:23:37",46100
14.3,0.05,100,"bu","09:23:10",46000
14.3,0.05,5800,"bu","09:23:00",45900
14.25,0,500,"sd","09:22:38",40100
14.25,0,3000,"sd","09:21:42",39600
14.3,0.05,100,"bu","09:21:35",36600
14.25,0,1000,"sd","09:20:47",36500
14.25,0,1200,"sd","09:20:09",35500
14.25,0,1800,"bu","09:18:51",34300
14.25,0,1000,"bu","09:18:33",32500
14.25,0,5000,"bu","09:18:24",31500
14.25,0,2000,"bu","09:18:19",26500
14.25,0,200,"sd","09:18:00",24500
14.25,0,2800,"bu","09:17:35",24300
14.25,0,6000,"bu","09:16:49",21500
14.25,0,500,"bu","09:15:54",15500
14.25,0,200,"bu","09:15:53",15000
14.25,0,1000,"bu","09:15:49",14800
14.25,0,13800,"","09:15:01",13800
