"price","change","match_qtty","side","time","total_vol"
6.37,-0.02,564600,"","14:45:01",4334700
6.33,-0.06,5600,"sd","14:29:56",3770100
6.34,-0.05,900,"sd","14:29:56",3764500
6.38,-0.01,3500,"sd","14:29:56",3763600
6.38,-0.01,1100,"bu","14:29:54",3760100
6.37,-0.02,300,"bu","14:29:54",3759000
6.35,-0.04,100,"bu","14:29:54",3758700
6.34,-0.05,4100,"bu","14:29:48",3758600
6.34,-0.05,28700,"bu","14:29:42",3754500
6.33,-0.06,6300,"bu","14:29:42",3725800
6.34,-0.05,700,"bu","14:29:29",3719500
6.32,-0.07,16400,"sd","14:29:26",3718800
6.33,-0.06,8200,"sd","14:29:26",3702400
6.34,-0.05,6000,"bu","14:29:26",3694200
6.33,-0.06,10000,"sd","14:29:23",3688200
6.34,-0.05,500,"bu","14:28:43",3678200
6.33,-0.06,500,"sd","14:28:43",3677700
6.33,-0.06,6700,"sd","14:28:39",3677200
6.33,-0.06,10000,"sd","14:28:27",3670500
6.34,-0.05,2500,"bu","14:27:46",3660500
6.35,-0.04,900,"sd","14:27:21",3658000
6.35,-0.04,5100,"bu","14:26:57",3657100
6.33,-0.06,200,"bu","14:26:46",3652000
6.33,-0.06,200,"bu","14:26:43",3651800
6.33,-0.06,400,"bu","14:26:27",3651600
6.33,-0.06,1000,"bu","14:26:22",3651200
6.33,-0.06,100,"bu","14:26:21",3650200
6.33,-0.06,100,"bu","14:26:17",3650100
6.33,-0.06,2000,"bu","14:26:16",3650000
6.33,-0.06,2000,"bu","14:26:15",3648000
6.33,-0.06,5000,"bu","14:26:10",3646000
6.33,-0.06,1000,"bu","14:26:09",3641000
6.33,-0.06,500,"bu","14:25:48",3640000
6.33,-0.06,1000,"bu","14:25:39",3639500
6.33,-0.06,100,"bu","14:25:34",3638500
6.33,-0.06,30000,"bu","14:25:29",3638400
6.33,-0.06,3000,"bu","14:25:23",3608400
6.33,-0.06,1000,"bu","14:24:52",3605400
6.33,-0.06,31300,"sd","14:24:50",3604400
6.34,-0.05,32100,"sd","14:24:50",3573100
6.34,-0.05,10000,"sd","14:24:36",3541000
6.35,-0.04,500,"bu","14:24:22",3531000
6.34,-0.05,100,"sd","14:24:03",3530500
6.35,-0.04,300,"bu","14:24:00",3530400
6.35,-0.04,23800,"sd","14:23:55",3530100
6.35,-0.04,2500,"sd","14:23:54",3506300
6.35,-0.04,1000,"sd","14:23:38",3503800
6.35,-0.04,6200,"sd","14:23:22",3502800
6.36,-0.03,5000,"sd","14:23:21",3492800
6.36,-0.03,10000,"sd","14:23:13",3487800
6.36,-0.03,200,"sd","14:22:58",3477800
6.37,-0.02,4700,"sd","14:22:56",3477600
6.37,-0.02,300,"sd","14:22:44",3472900
6.37,-0.02,7000,"bu","14:22:38",3472600
6.36,-0.03,5000,"sd","14:22:35",3465600
6.36,-0.03,5000,"sd","14:22:22",3460600
6.36,-0.03,500,"sd","14:22:15",3455600
6.36,-0.03,1000,"sd","14:22:14",3455100
6.36,-0.03,1000,"sd","14:22:08",3454100
6.36,-0.03,100,"sd","14:21:26",3453100
6.37,-0.02,1100,"sd","14:21:18",3453000
6.37,-0.02,5800,"sd","14:21:00",3451900
6.37,-0.02,1800,"sd","14:20:45",3446100
6.38,-0.01,200,"bu","14:19:48",3444300
6.38,-0.01,200,"bu","14:19:45",3444100
6.38,-0.01,4000,"sd","14:19:27",3443900
6.38,-0.01,6000,"bu","14:19:19",3439900
6.37,-0.02,200,"sd","14:19:01",3433900
6.37,-0.02,500,"sd","14:18:52",3433700
6.37,-0.02,100,"sd","14:18:44",3433200
6.37,-0.02,1500,"bu","14:18:34",3433100
6.36,-0.03,10000,"sd","14:18:28",3431600
6.37,-0.02,4500,"sd","14:18:14",3421600
6.37,-0.02,2000,"sd","14:18:01",3417100
6.37,-0.02,200,"sd","14:17:50",3415100
6.37,-0.02,200,"sd","14:17:48",3414900
6.37,-0.02,100,"sd","14:17:41",3414700
6.37,-0.02,400,"sd","14:17:28",3414600
6.37,-0.02,100,"sd","14:17:15",3414200
6.37,-0.02,500,"sd","14:17:11",3414100
6.37,-0.02,5000,"bu","14:16:44",3413600
6.36,-0.03,3200,"sd","14:16:39",3408600
6.36,-0.03,400,"sd","14:16:17",3405400
6.36,-0.03,3000,"sd","14:15:32",3405000
6.36,-0.03,5000,"sd","14:15:28",3402000
6.36,-0.03,10000,"sd","14:14:38",3397000
6.37,-0.02,3000,"bu","14:14:33",3387000
6.37,-0.02,2000,"sd","14:14:27",3384000
6.36,-0.03,18300,"sd","14:14:24",3382000
6.37,-0.02,1700,"sd","14:14:24",3363700
6.37,-0.02,5000,"bu","14:14:11",3362000
6.37,-0.02,1000,"bu","14:13:51",3357000
6.37,-0.02,9000,"sd","14:13:49",3356000
6.38,-0.01,100,"bu","14:13:34",3347000
6.38,-0.01,700,"sd","14:13:33",3346900
6.38,-0.01,200,"sd","14:13:30",3346200
6.38,-0.01,3100,"sd","14:13:23",3346000
6.39,0,2000,"bu","14:12:54",3342900
6.39,0,1200,"sd","14:11:57",3340900
6.39,0,17400,"bu","14:11:51",3339700
6.38,-0.01,2100,"bu","14:11:51",3322300
6.38,-0.01,5000,"sd","14:11:11",3320200
6.39,0,200,"bu","14:10:46",3315200
6.39,0,6200,"sd","14:10:17",3315000
6.39,0,2000,"sd","14:10:17",3308800
6.39,0,15000,"sd","14:10:16",3306800
6.39,0,15000,"sd","14:10:03",3291800
6.39,0,4000,"sd","14:10:02",3276800
6.4,0.01,20000,"bu","14:09:43",3272800
6.39,0,5000,"sd","14:09:42",3252800
6.4,0.01,3100,"bu","14:09:32",3247800
6.4,0.01,300,"bu","14:09:15",3244700
6.4,0.01,3300,"bu","14:09:07",3244400
6.4,0.01,5000,"bu","14:09:06",3241100
6.4,0.01,13600,"sd","14:09:03",3236100
6.41,0.02,500,"bu","14:09:00",3222500
6.41,0.02,1800,"bu","14:08:55",3222000
6.4,0.01,3200,"bu","14:08:51",3220200
6.4,0.01,9000,"bu","14:08:44",3217000
6.4,0.01,5000,"bu","14:08:42",3208000
6.4,0.01,2000,"bu","14:08:21",3203000
6.4,0.01,2000,"bu","14:08:20",3201000
6.4,0.01,18300,"sd","14:08:15",3199000
6.4,0.01,100,"sd","14:08:14",3180700
6.41,0.02,10000,"bu","14:08:13",3180600
6.4,0.01,100,"sd","14:08:10",3170600
6.4,0.01,300,"sd","14:08:05",3170500
6.4,0.01,300,"sd","14:08:02",3170200
6.4,0.01,100,"sd","14:08:01",3169900
6.4,0.01,1000,"sd","14:07:57",3169800
6.41,0.02,50000,"bu","14:07:57",3168800
6.4,0.01,300,"sd","14:07:49",3118800
6.4,0.01,14300,"sd","14:07:47",3118500
6.4,0.01,300,"sd","14:07:44",3104200
6.4,0.01,2000,"sd","14:07:39",3103900
6.4,0.01,6000,"sd","14:07:31",3101900
6.4,0.01,100,"sd","14:07:16",3095900
6.4,0.01,1000,"sd","14:07:14",3095800
6.4,0.01,1000,"sd","14:07:13",3094800
6.4,0.01,100,"sd","14:07:11",3093800
6.4,0.01,20400,"bu","14:07:10",3093700
6.4,0.01,2500,"bu","14:07:09",3073300
6.4,0.01,1000,"bu","14:07:08",3070800
6.4,0.01,500,"bu","14:07:05",3069800
6.4,0.01,1800,"sd","14:06:57",3069300
6.4,0.01,500,"sd","14:06:55",3067500
6.4,0.01,100,"sd","14:06:53",3067000
6.4,0.01,400,"sd","14:06:49",3066900
6.4,0.01,100,"sd","14:06:48",3066500
6.4,0.01,1000,"sd","14:06:47",3066400
6.4,0.01,600,"bu","14:06:45",3065400
6.4,0.01,7000,"bu","14:06:44",3064800
6.4,0.01,30000,"bu","14:06:40",3057800
6.4,0.01,61100,"bu","14:06:38",3027800
6.39,0,50000,"sd","14:06:36",2966700
6.4,0.01,200,"bu","14:06:34",2916700
6.4,0.01,2000,"bu","14:06:31",2916500
6.4,0.01,5000,"bu","14:06:31",2914500
6.4,0.01,600,"bu","14:06:29",2909500
6.4,0.01,5000,"bu","14:06:28",2908900
6.4,0.01,7000,"bu","14:06:26",2903900
6.4,0.01,10000,"bu","14:06:24",2896900
6.39,0,100,"sd","14:06:19",2886900
6.4,0.01,50000,"bu","14:06:18",2886800
6.4,0.01,1000,"bu","14:06:15",2836800
6.39,0,200,"sd","14:06:15",2835800
6.4,0.01,6000,"bu","14:06:11",2835600
6.39,0,100,"sd","14:06:11",2829600
6.4,0.01,2000,"bu","14:06:07",2829500
6.4,0.01,2000,"bu","14:06:03",2827500
6.4,0.01,10000,"bu","14:05:52",2825500
6.4,0.01,6500,"bu","14:05:49",2815500
6.4,0.01,1000,"bu","14:05:45",2809000
6.4,0.01,600,"bu","14:05:35",2808000
6.4,0.01,9000,"bu","14:05:33",2807400
6.4,0.01,30000,"bu","14:05:28",2798400
6.39,0,100,"sd","14:05:26",2768400
6.39,0,2000,"sd","14:05:13",2768300
6.39,0,1000,"sd","14:05:08",2766300
6.4,0.01,300,"bu","14:04:57",2765300
6.4,0.01,2000,"bu","14:04:56",2765000
6.39,0,100,"sd","14:04:52",2763000
6.39,0,200,"bu","14:04:49",2762900
6.39,0,2000,"bu","14:04:48",2762700
6.39,0,2000,"bu","14:04:45",2760700
6.39,0,1700,"bu","14:04:42",2758700
6.39,0,2000,"bu","14:04:39",2757000
6.39,0,2000,"bu","14:04:38",2755000
6.39,0,1000,"bu","14:04:33",2753000
6.39,0,50000,"bu","14:04:32",2752000
6.39,0,20000,"bu","14:04:25",2702000
6.38,-0.01,500,"sd","14:04:25",2682000
6.38,-0.01,400,"sd","14:04:22",2681500
6.39,0,1000,"bu","14:04:21",2681100
6.39,0,1800,"bu","14:04:17",2680100
6.39,0,1000,"bu","14:04:14",2678300
6.38,-0.01,500,"sd","14:04:11",2677300
6.39,0,1000,"bu","14:04:09",2676800
6.38,-0.01,400,"sd","14:04:09",2675800
6.38,-0.01,100,"sd","14:04:00",2675400
6.38,-0.01,1900,"bu","14:03:56",2675300
6.37,-0.02,100,"sd","14:03:54",2673400
6.37,-0.02,100,"sd","14:03:50",2673300
6.38,-0.01,1000,"bu","14:03:46",2673200
6.35,-0.04,79300,"sd","14:03:44",2672200
6.36,-0.03,12300,"sd","14:03:44",2592900
6.37,-0.02,8400,"sd","14:03:44",2580600
6.37,-0.02,1000,"sd","14:03:19",2572200
6.37,-0.02,8000,"sd","14:03:05",2571200
6.38,-0.01,20000,"bu","14:02:39",2563200
6.37,-0.02,300,"bu","14:02:33",2543200
6.38,-0.01,9900,"bu","14:02:21",2542900
6.37,-0.02,100,"bu","14:02:21",2533000
6.37,-0.02,900,"sd","14:02:16",2532900
6.37,-0.02,100,"bu","14:02:14",2532000
6.37,-0.02,5000,"bu","14:02:11",2531900
6.37,-0.02,5000,"bu","14:02:05",2526900
6.37,-0.02,600,"bu","14:02:03",2521900
6.36,-0.03,100,"sd","14:01:34",2521300
6.36,-0.03,100,"sd","14:01:28",2521200
6.37,-0.02,12000,"bu","14:01:27",2521100
6.37,-0.02,500,"bu","14:01:20",2509100
6.37,-0.02,5000,"bu","14:01:12",2508600
6.36,-0.03,48700,"bu","14:01:05",2503600
6.36,-0.03,1500,"bu","14:01:01",2454900
6.36,-0.03,1600,"bu","14:00:49",2453400
6.35,-0.04,20100,"bu","14:00:24",2451800
6.34,-0.05,2800,"bu","13:59:59",2431700
6.34,-0.05,5000,"bu","13:59:57",2428900
6.34,-0.05,1400,"bu","13:59:39",2423900
6.34,-0.05,600,"bu","13:59:30",2422500
6.34,-0.05,20000,"bu","13:59:20",2421900
6.33,-0.06,2000,"sd","13:59:18",2401900
6.34,-0.05,100,"bu","13:59:11",2399900
6.34,-0.05,500,"bu","13:57:27",2399800
6.33,-0.06,2000,"sd","13:57:26",2399300
6.33,-0.06,800,"sd","13:57:25",2397300
6.33,-0.06,100,"sd","13:57:00",2396500
6.34,-0.05,200,"bu","13:56:46",2396400
6.33,-0.06,7400,"bu","13:56:05",2396200
6.33,-0.06,12700,"sd","13:55:02",2388800
6.33,-0.06,14000,"sd","13:54:31",2376100
6.34,-0.05,5000,"bu","13:54:29",2362100
6.33,-0.06,100,"sd","13:54:25",2357100
6.33,-0.06,200,"sd","13:53:40",2357000
6.33,-0.06,7200,"sd","13:53:23",2356800
6.33,-0.06,400,"sd","13:53:22",2349600
6.33,-0.06,300,"sd","13:53:06",2349200
6.33,-0.06,1700,"sd","13:53:05",2348900
6.33,-0.06,200,"sd","13:52:56",2347200
6.33,-0.06,100,"sd","13:52:24",2347000
6.33,-0.06,300,"sd","13:52:04",2346900
6.33,-0.06,400,"sd","13:51:58",2346600
6.33,-0.06,500,"sd","13:51:43",2346200
6.33,-0.06,9000,"bu","13:51:33",2345700
6.33,-0.06,600,"bu","13:51:11",2336700
6.33,-0.06,5900,"bu","13:51:03",2336100
6.34,-0.05,100,"bu","13:50:24",2330200
6.33,-0.06,5000,"sd","13:50:13",2330100
6.33,-0.06,300,"sd","13:50:10",2325100
6.33,-0.06,500,"sd","13:50:04",2324800
6.33,-0.06,500,"sd","13:49:28",2324300
6.33,-0.06,500,"sd","13:49:22",2323800
6.33,-0.06,500,"sd","13:49:17",2323300
6.33,-0.06,300,"bu","13:48:58",2322800
6.32,-0.07,1900,"sd","13:48:53",2322500
6.33,-0.06,15000,"sd","13:48:53",2320600
6.33,-0.06,200,"sd","13:48:42",2305600
6.33,-0.06,1000,"sd","13:48:24",2305400
6.33,-0.06,3000,"bu","13:48:20",2304400
6.33,-0.06,600,"bu","13:47:38",2301400
6.33,-0.06,300,"bu","13:47:33",2300800
6.33,-0.06,1000,"bu","13:47:29",2300500
6.33,-0.06,5000,"bu","13:47:23",2299500
6.33,-0.06,200,"bu","13:47:02",2294500
6.33,-0.06,2000,"bu","13:46:53",2294300
6.33,-0.06,4000,"bu","13:46:51",2292300
6.33,-0.06,300,"bu","13:46:34",2288300
6.33,-0.06,200,"bu","13:46:32",2288000
6.33,-0.06,1000,"bu","13:46:16",2287800
6.32,-0.07,5000,"sd","13:45:29",2286800
6.32,-0.07,900,"sd","13:44:56",2281800
6.32,-0.07,2900,"sd","13:43:58",2280900
6.33,-0.06,3000,"sd","13:43:50",2274900
6.33,-0.06,10000,"sd","13:43:34",2271900
6.34,-0.05,100,"bu","13:43:17",2261900
6.34,-0.05,10000,"bu","13:42:47",2261800
6.34,-0.05,2000,"bu","13:42:25",2251800
6.33,-0.06,500,"sd","13:41:45",2249800
6.33,-0.06,300,"sd","13:41:40",2249300
6.34,-0.05,100,"bu","13:41:25",2249000
6.33,-0.06,100,"sd","13:41:07",2248900
6.33,-0.06,5000,"sd","13:40:36",2248800
6.34,-0.05,10300,"sd","13:40:04",2243800
6.34,-0.05,4100,"bu","13:39:43",2233500
6.34,-0.05,5000,"bu","13:39:41",2229400
6.34,-0.05,5000,"bu","13:39:39",2224400
6.34,-0.05,200,"bu","13:39:33",2219400
6.34,-0.05,1000,"bu","13:39:29",2219200
6.34,-0.05,2000,"bu","13:39:24",2218200
6.34,-0.05,2000,"bu","13:39:22",2216200
6.34,-0.05,3700,"bu","13:39:18",2214200
6.34,-0.05,2000,"bu","13:39:14",2210500
6.34,-0.05,10000,"bu","13:39:06",2208500
6.34,-0.05,1000,"bu","13:39:01",2198500
6.34,-0.05,500,"bu","13:39:00",2197500
6.34,-0.05,4500,"bu","13:38:58",2197000
6.34,-0.05,14000,"bu","13:38:55",2192500
6.34,-0.05,3000,"bu","13:38:54",2178500
6.34,-0.05,2000,"bu","13:38:49",2170500
6.34,-0.05,5000,"bu","13:38:32",2168500
6.34,-0.05,500,"bu","13:38:30",2163500
6.34,-0.05,2000,"bu","13:38:29",2163000
6.34,-0.05,1000,"bu","13:38:24",2161000
6.34,-0.05,2000,"bu","13:38:17",2160000
6.34,-0.05,5000,"bu","13:38:11",2158000
6.34,-0.05,10000,"bu","13:37:59",2153000
6.34,-0.05,2000,"bu","13:37:48",2143000
6.34,-0.05,100,"bu","13:37:35",2141000
6.33,-0.06,9900,"bu","13:37:35",2140900
6.33,-0.06,100,"bu","13:37:24",2131000
6.32,-0.07,2000,"bu","13:37:24",2130900
6.32,-0.07,200,"bu","13:37:23",2128900
6.32,-0.07,500,"bu","13:37:19",2128700
6.32,-0.07,200,"bu","13:37:18",2128200
6.32,-0.07,5000,"bu","13:37:16",2128000
6.32,-0.07,3000,"bu","13:37:11",2123000
6.32,-0.07,68400,"sd","13:37:10",2120000
6.33,-0.06,18700,"sd","13:37:10",2051600
6.34,-0.05,10000,"bu","13:37:03",2032900
6.34,-0.05,100,"bu","13:36:48",2022900
6.33,-0.06,10000,"sd","13:36:22",2022800
6.34,-0.05,10000,"bu","13:36:20",2012800
6.33,-0.06,5000,"sd","13:36:11",2002800
6.33,-0.06,10000,"sd","13:35:18",1997800
6.34,-0.05,10000,"bu","13:35:11",1987800
6.33,-0.06,3000,"sd","13:34:43",1977800
6.33,-0.06,9000,"sd","13:32:53",1974800
6.34,-0.05,5000,"bu","13:32:37",1965800
6.34,-0.05,5000,"bu","13:31:11",1960800
6.34,-0.05,600,"bu","13:30:58",1955800
6.34,-0.05,700,"bu","13:30:20",1955200
6.34,-0.05,700,"bu","13:30:02",1954500
6.34,-0.05,500,"bu","13:29:52",1953800
6.33,-0.06,200,"bu","13:29:52",1953300
6.32,-0.07,30000,"sd","13:29:50",1953100
6.32,-0.07,900,"sd","13:29:34",1923100
6.33,-0.06,3400,"sd","13:29:34",1922200
6.33,-0.06,5000,"sd","13:29:28",1918800
6.33,-0.06,2500,"bu","13:29:25",1913800
6.33,-0.06,5000,"bu","13:29:24",1911300
6.33,-0.06,200,"bu","13:29:20",1906300
6.33,-0.06,2000,"bu","13:29:08",1906100
6.33,-0.06,300,"bu","13:29:05",1904100
6.33,-0.06,3000,"bu","13:28:34",1903800
6.33,-0.06,2000,"bu","13:28:29",1900800
6.33,-0.06,7200,"bu","13:28:20",1898800
6.32,-0.07,1000,"sd","13:28:03",1891600
6.33,-0.06,300,"bu","13:27:56",1890600
6.33,-0.06,700,"bu","13:27:53",1890300
6.33,-0.06,1100,"bu","13:27:50",1889600
6.33,-0.06,100,"bu","13:27:38",1888500
6.33,-0.06,500,"bu","13:27:34",1888400
6.33,-0.06,5100,"sd","13:27:19",1887900
6.33,-0.06,400,"bu","13:26:59",1882800
6.33,-0.06,1000,"bu","13:26:58",1882400
6.32,-0.07,10000,"sd","13:26:58",1881400
6.33,-0.06,5000,"bu","13:26:54",1871400
6.33,-0.06,1000,"bu","13:26:44",1866400
6.33,-0.06,5000,"bu","13:26:37",1865400
6.33,-0.06,5200,"bu","13:26:27",1860400
6.33,-0.06,1000,"bu","13:25:55",1855200
6.32,-0.07,6300,"bu","13:25:46",1854200
6.32,-0.07,1000,"bu","13:25:37",1847900
6.32,-0.07,100,"bu","13:25:24",1846900
6.32,-0.07,1000,"bu","13:25:23",1846800
6.32,-0.07,100,"bu","13:25:22",1845800
6.32,-0.07,1500,"sd","13:25:06",1845700
6.31,-0.08,15000,"sd","13:24:39",1844200
6.32,-0.07,5000,"sd","13:24:39",1829200
6.32,-0.07,2900,"bu","13:24:15",1824200
6.32,-0.07,2500,"bu","13:24:12",1821300
6.32,-0.07,4600,"sd","13:24:10",1818800
6.33,-0.06,2000,"bu","13:24:00",1814200
6.32,-0.07,30000,"sd","13:23:35",1812200
6.33,-0.06,5000,"bu","13:23:01",1782200
6.33,-0.06,200,"bu","13:23:00",1777200
6.33,-0.06,19700,"sd","13:22:13",1777000
6.34,-0.05,1000,"bu","13:22:00",1757300
6.34,-0.05,500,"bu","13:21:28",1756300
6.33,-0.06,500,"sd","13:20:35",1755800
6.33,-0.06,100,"sd","13:20:24",1755300
6.33,-0.06,1700,"bu","13:20:02",1755200
6.33,-0.06,300,"bu","13:19:58",1753500
6.33,-0.06,18000,"sd","13:19:46",1753200
6.34,-0.05,100,"bu","13:19:40",1735200
6.33,-0.06,2000,"sd","13:19:39",1735100
6.33,-0.06,14600,"bu","13:17:50",1733100
6.33,-0.06,100,"bu","13:17:33",1718500
6.33,-0.06,5500,"bu","13:17:23",1718400
6.33,-0.06,100,"bu","13:17:12",1712900
6.34,-0.05,10000,"bu","13:16:40",1712800
6.33,-0.06,300,"sd","13:16:33",1702800
6.33,-0.06,100,"sd","13:16:25",1702500
6.32,-0.07,700,"sd","13:15:55",1702400
6.33,-0.06,4300,"sd","13:15:55",1701700
6.33,-0.06,700,"bu","13:15:37",1697400
6.33,-0.06,5000,"bu","13:15:35",1696700
6.33,-0.06,300,"bu","13:15:32",1691700
6.33,-0.06,500,"bu","13:15:30",1691400
6.33,-0.06,100,"sd","13:15:22",1690900
6.33,-0.06,300,"bu","13:15:12",1690800
6.33,-0.06,2200,"bu","13:14:50",1690500
6.32,-0.07,6000,"sd","13:14:21",1688300
6.32,-0.07,300,"sd","13:14:16",1682300
6.32,-0.07,10000,"sd","13:14:04",1682000
6.32,-0.07,400,"bu","13:13:53",1672000
6.32,-0.07,2000,"bu","13:13:51",1671600
6.32,-0.07,7600,"sd","13:13:41",1669600
6.33,-0.06,700,"bu","13:13:35",1662000
6.32,-0.07,100,"sd","13:13:31",1661300
6.32,-0.07,20000,"sd","13:12:25",1661200
6.33,-0.06,400,"bu","13:12:24",1641200
6.33,-0.06,700,"bu","13:12:17",1640800
6.33,-0.06,100,"bu","13:12:04",1640100
6.33,-0.06,2900,"sd","13:11:55",1640000
6.33,-0.06,200,"bu","13:10:08",1637100
6.33,-0.06,100,"bu","13:10:01",1636900
6.33,-0.06,100,"bu","13:09:46",1636800
6.33,-0.06,500,"bu","13:09:43",1636700
6.33,-0.06,100,"bu","13:09:39",1636200
6.33,-0.06,600,"bu","13:09:37",1636100
6.33,-0.06,1000,"bu","13:09:28",1635500
6.33,-0.06,2000,"bu","13:09:24",1634500
6.32,-0.07,1000,"sd","13:09:22",1632500
6.33,-0.06,1000,"bu","13:09:13",1631500
6.33,-0.06,100,"bu","13:09:03",1630500
6.32,-0.07,500,"sd","13:08:58",1630400
6.32,-0.07,900,"sd","13:08:53",1629900
6.33,-0.06,200,"bu","13:08:44",1629000
6.32,-0.07,200,"sd","13:08:01",1628800
6.32,-0.07,600,"sd","13:07:55",1628600
6.32,-0.07,30000,"sd","13:07:38",1628000
6.33,-0.06,1200,"bu","13:07:24",1598000
6.33,-0.06,100,"bu","13:07:22",1596800
6.33,-0.06,500,"bu","13:07:15",1596700
6.32,-0.07,5000,"sd","13:07:09",1596200
6.33,-0.06,200,"bu","13:06:58",1591200
6.33,-0.06,100,"bu","13:06:47",1591000
6.33,-0.06,100,"bu","13:06:46",1590900
6.33,-0.06,100,"bu","13:06:45",1590800
6.33,-0.06,200,"bu","13:06:43",1590700
6.33,-0.06,100,"bu","13:06:43",1590500
6.33,-0.06,100,"bu","13:06:42",1589400
6.33,-0.06,100,"bu","13:06:41",1589300
6.33,-0.06,100,"bu","13:06:40",1589200
6.33,-0.06,100,"bu","13:06:39",1589100
6.33,-0.06,100,"bu","13:06:38",1589000
6.33,-0.06,100,"bu","13:06:37",1588900
6.33,-0.06,100,"bu","13:06:35",1588800
6.33,-0.06,100,"bu","13:06:33",1588700
6.33,-0.06,43600,"sd","13:06:28",1588600
6.34,-0.05,56200,"sd","13:06:16",1545000
6.34,-0.05,300,"sd","13:05:45",1488800
6.34,-0.05,37100,"bu","13:05:35",1488500
6.34,-0.05,20400,"sd","13:05:13",1451400
6.34,-0.05,4000,"sd","13:04:30",1431000
6.34,-0.05,200,"sd","13:03:57",1427000
6.34,-0.05,600,"sd","13:03:39",1426800
6.34,-0.05,400,"bu","13:03:15",1426200
6.34,-0.05,100,"bu","13:02:55",1425800
6.33,-0.06,2000,"sd","13:02:31",1425700
6.34,-0.05,8000,"bu","13:02:25",1423700
6.34,-0.05,16800,"sd","13:02:17",1415700
6.35,-0.04,600,"bu","13:01:30",1398900
6.35,-0.04,9400,"sd","13:01:15",1398300
6.36,-0.03,500,"bu","13:00:07",1388900
6.35,-0.04,5000,"sd","13:00:05",1388400
6.35,-0.04,600,"sd","13:00:00",1383400
6.36,-0.03,3000,"bu","11:29:54",1382800
6.36,-0.03,800,"sd","11:29:36",1379800
6.36,-0.03,1000,"sd","11:29:32",1379000
6.36,-0.03,10200,"bu","11:28:51",1378000
6.35,-0.04,2100,"sd","11:28:47",1367800
6.35,-0.04,500,"sd","11:27:59",1365700
6.35,-0.04,5000,"sd","11:27:54",1365200
6.36,-0.03,6000,"bu","11:27:33",1360200
6.35,-0.04,2000,"sd","11:27:32",1354200
6.36,-0.03,7700,"bu","11:27:10",1352200
6.36,-0.03,1400,"bu","11:26:57",1344500
6.35,-0.04,5000,"bu","11:26:45",1343100
6.35,-0.04,5000,"sd","11:26:24",1338100
6.34,-0.05,9000,"bu","11:25:56",1333100
6.34,-0.05,100,"bu","11:25:54",1324100
6.34,-0.05,100,"bu","11:25:22",1324000
6.34,-0.05,14800,"sd","11:25:15",1323900
6.34,-0.05,100,"sd","11:24:55",1309100
6.34,-0.05,2000,"sd","11:24:52",1309000
6.34,-0.05,8100,"bu","11:24:50",1307000
6.34,-0.05,500,"bu","11:24:43",1298900
6.34,-0.05,500,"bu","11:24:39",1298400
6.34,-0.05,100,"bu","11:24:33",1297900
6.34,-0.05,100,"bu","11:24:31",1297800
6.34,-0.05,300,"bu","11:24:30",1297700
6.34,-0.05,100,"bu","11:24:26",1297400
6.34,-0.05,100,"bu","11:24:25",1297300
6.34,-0.05,200,"bu","11:24:09",1297200
6.36,-0.03,11200,"bu","11:23:52",1297000
6.35,-0.04,25500,"bu","11:23:52",1285800
6.34,-0.05,3400,"bu","11:23:52",1260300
6.34,-0.05,200,"sd","11:23:51",1256900
6.34,-0.05,2800,"sd","11:23:28",1256700
6.35,-0.04,300,"bu","11:22:39",1253900
6.34,-0.05,2000,"sd","11:22:05",1253600
6.35,-0.04,400,"bu","11:21:31",1251600
6.34,-0.05,200,"sd","11:21:21",1251200
6.34,-0.05,2600,"bu","11:20:26",1251000
6.34,-0.05,200,"bu","11:20:13",1248400
6.34,-0.05,2200,"sd","11:19:48",1248200
6.34,-0.05,5200,"sd","11:19:10",1246000
6.34,-0.05,17600,"bu","11:19:05",1240800
6.34,-0.05,100,"bu","11:19:04",1223200
6.34,-0.05,100,"bu","11:18:49",1223100
6.34,-0.05,2000,"bu","11:18:19",1223000
6.34,-0.05,2000,"bu","11:17:23",1221000
6.33,-0.06,2000,"sd","11:16:32",1219000
6.34,-0.05,500,"bu","11:16:00",1217000
6.34,-0.05,1000,"bu","11:15:05",1216500
6.34,-0.05,1100,"bu","11:14:23",1215500
6.34,-0.05,100,"bu","11:14:01",1214400
6.34,-0.05,200,"bu","11:13:39",1214300
6.34,-0.05,300,"bu","11:13:25",1214100
6.34,-0.05,3200,"sd","11:13:22",1213800
6.34,-0.05,2000,"sd","11:13:11",1210600
6.34,-0.05,100,"sd","11:13:10",1208600
6.34,-0.05,4700,"bu","11:12:54",1208500
6.34,-0.05,200,"bu","11:12:03",1203800
6.34,-0.05,200,"bu","11:11:53",1203600
6.34,-0.05,1600,"bu","11:11:49",1203400
6.33,-0.06,50000,"sd","11:11:45",1201800
6.34,-0.05,1000,"bu","11:11:36",1151800
6.34,-0.05,2300,"sd","11:11:34",1150800
6.35,-0.04,200,"bu","11:09:55",1148500
6.35,-0.04,2000,"bu","11:07:29",1148300
6.35,-0.04,500,"bu","11:07:17",1146300
6.35,-0.04,2000,"bu","11:06:34",1145800
6.34,-0.05,6000,"bu","11:06:34",1143800
6.34,-0.05,200,"bu","11:06:28",1137800
6.34,-0.05,9000,"bu","11:06:26",1137600
6.34,-0.05,3000,"bu","11:06:12",1128600
6.33,-0.06,1700,"sd","11:04:55",1125600
6.33,-0.06,2900,"bu","11:04:52",1123900
6.32,-0.07,300,"sd","11:04:46",1121000
6.32,-0.07,8400,"sd","11:04:43",1120700
6.33,-0.06,500,"bu","11:04:43",1112300
6.33,-0.06,13600,"sd","11:04:40",1111800
6.34,-0.05,100,"bu","11:04:33",1098200
6.34,-0.05,200,"bu","11:04:31",1098100
6.33,-0.06,100,"sd","11:04:22",1097900
6.33,-0.06,1800,"sd","11:03:41",1097800
6.33,-0.06,600,"sd","11:03:29",1096000
6.34,-0.05,100,"bu","11:02:26",1095400
6.34,-0.05,1000,"bu","11:01:27",1095300
6.34,-0.05,100,"bu","11:00:59",1094300
6.34,-0.05,400,"bu","11:00:49",1094200
6.34,-0.05,1000,"bu","11:00:26",1093800
6.34,-0.05,500,"bu","11:00:11",1092800
6.34,-0.05,100,"bu","10:59:37",1092300
6.34,-0.05,100,"bu","10:58:28",1092200
6.34,-0.05,400,"bu","10:58:09",1092100
6.34,-0.05,200,"bu","10:57:20",1091700
6.34,-0.05,500,"bu","10:56:36",1091500
6.34,-0.05,100,"bu","10:55:12",1091000
6.34,-0.05,15000,"bu","10:54:58",1090900
6.33,-0.06,1400,"bu","10:54:34",1075900
6.33,-0.06,100,"bu","10:54:26",1074500
6.33,-0.06,1500,"sd","10:54:14",1074400
6.32,-0.07,5000,"sd","10:53:29",1072900
6.32,-0.07,2000,"sd","10:48:50",1067900
6.32,-0.07,500,"sd","10:47:10",1065900
6.31,-0.08,1000,"sd","10:46:02",1065400
6.32,-0.07,4000,"sd","10:46:02",1064400
6.31,-0.08,800,"sd","10:45:39",1060400
6.32,-0.07,4200,"sd","10:45:39",1059600
6.32,-0.07,3000,"sd","10:45:36",1055400
6.32,-0.07,1000,"sd","10:45:28",1052400
6.32,-0.07,500,"sd","10:44:47",1051400
6.31,-0.08,200,"bu","10:42:08",1050900
6.31,-0.08,57000,"sd","10:41:55",1050700
6.32,-0.07,23000,"sd","10:41:55",993700
6.33,-0.06,3000,"bu","10:41:49",970700
6.33,-0.06,400,"bu","10:41:48",967700
6.33,-0.06,11600,"sd","10:41:32",967300
6.33,-0.06,40000,"sd","10:41:25",955700
6.33,-0.06,5000,"sd","10:40:56",915700
6.34,-0.05,100,"bu","10:40:09",910700
6.34,-0.05,400,"bu","10:39:55",910600
6.33,-0.06,2500,"sd","10:39:50",910200
6.34,-0.05,1000,"bu","10:39:21",907700
6.34,-0.05,300,"bu","10:39:15",906700
6.34,-0.05,200,"bu","10:38:15",906400
6.34,-0.05,800,"bu","10:37:10",906200
6.34,-0.05,1000,"bu","10:36:52",905400
6.34,-0.05,500,"bu","10:34:26",904400
6.34,-0.05,200,"bu","10:34:09",903900
6.34,-0.05,200,"bu","10:31:57",903700
6.34,-0.05,1000,"bu","10:31:49",903500
6.34,-0.05,200,"bu","10:30:32",902500
6.34,-0.05,1000,"bu","10:30:25",902300
6.34,-0.05,400,"sd","10:30:08",901300
6.34,-0.05,9800,"bu","10:29:41",900900
6.34,-0.05,100,"bu","10:29:40",891100
6.34,-0.05,300,"bu","10:29:39",891000
6.34,-0.05,100,"bu","10:29:37",890700
6.34,-0.05,3100,"sd","10:29:32",890600
6.34,-0.05,36600,"sd","10:29:32",887500
6.35,-0.04,5000,"bu","10:29:16",850900
6.35,-0.04,5000,"bu","10:28:33",845900
6.35,-0.04,100,"bu","10:28:03",840900
6.35,-0.04,2000,"bu","10:27:54",840800
6.35,-0.04,200,"bu","10:27:50",838800
6.35,-0.04,1000,"bu","10:27:17",838600
6.35,-0.04,100,"bu","10:26:51",837600
6.34,-0.05,15000,"sd","10:26:28",837500
6.35,-0.04,900,"bu","10:24:20",822500
6.35,-0.04,10400,"sd","10:24:17",821600
6.35,-0.04,10000,"sd","10:24:10",811200
6.35,-0.04,200,"sd","10:22:41",801200
6.35,-0.04,5000,"sd","10:22:32",801000
6.36,-0.03,5000,"bu","10:21:40",796000
6.36,-0.03,400,"bu","10:21:26",791000
6.36,-0.03,4700,"sd","10:21:21",790600
6.36,-0.03,1000,"bu","10:21:16",785900
6.36,-0.03,5000,"bu","10:20:43",784900
6.36,-0.03,100,"bu","10:19:02",779900
6.36,-0.03,100,"bu","10:18:45",779800
6.36,-0.03,9000,"sd","10:18:31",779700
6.36,-0.03,200,"sd","10:17:52",770700
6.36,-0.03,1000,"sd","10:17:26",770500
6.36,-0.03,5000,"sd","10:16:24",769500
6.36,-0.03,9800,"bu","10:14:52",764500
6.36,-0.03,2800,"bu","10:11:12",754700
6.36,-0.03,5900,"bu","10:10:52",751900
6.35,-0.04,4100,"bu","10:10:52",746000
6.35,-0.04,2000,"bu","10:10:37",741900
6.35,-0.04,10000,"bu","10:10:17",739900
6.35,-0.04,10000,"bu","10:10:12",729900
6.35,-0.04,2000,"bu","10:08:37",719900
6.34,-0.05,2500,"sd","10:08:13",717900
6.34,-0.05,10000,"sd","10:08:00",715400
6.35,-0.04,1000,"bu","10:07:39",705400
6.35,-0.04,200,"bu","10:07:16",704400
6.35,-0.04,100,"bu","10:06:22",704200
6.35,-0.04,200,"bu","10:05:57",704100
6.35,-0.04,900,"bu","10:05:43",703900
6.35,-0.04,2000,"bu","10:05:31",703000
6.35,-0.04,6200,"sd","10:04:53",701000
6.35,-0.04,3800,"bu","10:04:43",694800
6.35,-0.04,100,"bu","10:04:35",691000
6.34,-0.05,100,"sd","10:04:19",690900
6.34,-0.05,100,"sd","10:03:42",690800
6.35,-0.04,26300,"sd","10:03:17",690700
6.36,-0.03,5000,"bu","10:02:54",664400
6.35,-0.04,400,"sd","10:02:52",659400
6.36,-0.03,1000,"bu","10:02:50",659000
6.36,-0.03,1000,"bu","09:59:58",658000
6.35,-0.04,200,"sd","09:59:58",657000
6.36,-0.03,5000,"bu","09:59:31",656800
6.35,-0.04,3000,"sd","09:59:28",651800
6.35,-0.04,2000,"sd","09:59:04",648800
6.35,-0.04,2500,"bu","09:58:50",646800
6.35,-0.04,5000,"bu","09:58:48",644300
6.35,-0.04,100,"bu","09:58:45",639300
6.35,-0.04,1000,"bu","09:58:42",639200
6.35,-0.04,1000,"bu","09:58:39",638200
6.35,-0.04,10000,"bu","09:58:23",637200
6.35,-0.04,1000,"sd","09:58:22",627200
6.35,-0.04,1000,"bu","09:57:52",626200
6.35,-0.04,5000,"bu","09:57:46",625200
6.35,-0.04,23800,"sd","09:57:21",620200
6.35,-0.04,200,"sd","09:57:21",596400
6.36,-0.03,9800,"sd","09:57:12",596200
6.36,-0.03,100,"sd","09:54:59",586400
6.38,-0.01,2000,"bu","09:54:42",586300
6.36,-0.03,100,"sd","09:53:07",584300
6.37,-0.02,200,"sd","09:52:39",584200
6.37,-0.02,100,"sd","09:51:43",584000
6.37,-0.02,500,"sd","09:51:20",583900
6.37,-0.02,100,"sd","09:51:16",583400
6.37,-0.02,2000,"sd","09:51:05",583300
6.37,-0.02,3200,"bu","09:49:41",581300
6.37,-0.02,100,"bu","09:48:59",578100
6.36,-0.03,2700,"bu","09:48:45",578000
6.36,-0.03,2000,"bu","09:48:38",575300
6.36,-0.03,2000,"bu","09:48:35",573300
6.36,-0.03,9000,"bu","09:48:33",571300
6.36,-0.03,5000,"bu","09:48:20",562300
6.36,-0.03,2000,"bu","09:48:04",557300
6.36,-0.03,1000,"bu","09:48:00",555300
6.35,-0.04,2700,"bu","09:46:58",554300
6.35,-0.04,500,"bu","09:46:25",551600
6.35,-0.04,10000,"bu","09:46:23",551100
6.35,-0.04,5000,"bu","09:46:19",541100
6.35,-0.04,1000,"bu","09:45:51",536100
6.35,-0.04,32900,"sd","09:45:42",535100
6.35,-0.04,9500,"sd","09:45:37",502200
6.36,-0.03,200,"bu","09:45:33",492700
6.35,-0.04,1500,"sd","09:45:13",492500
6.36,-0.03,100,"bu","09:44:16",491000
6.36,-0.03,100,"bu","09:44:00",490900
6.36,-0.03,2600,"bu","09:43:57",490800
6.36,-0.03,500,"bu","09:43:33",488200
6.36,-0.03,4500,"bu","09:42:47",487700
6.35,-0.04,23700,"bu","09:41:29",483200
6.35,-0.04,200,"bu","09:41:27",459500
6.35,-0.04,100,"bu","09:41:19",459300
6.35,-0.04,6000,"sd","09:41:17",459200
6.36,-0.03,500,"bu","09:41:05",453200
6.36,-0.03,19400,"sd","09:41:04",452700
6.38,-0.01,200,"bu","09:41:00",433300
6.38,-0.01,100,"bu","09:40:28",433100
6.36,-0.03,5900,"bu","09:39:56",433000
6.36,-0.03,3000,"bu","09:39:48",427100
6.36,-0.03,200,"bu","09:38:23",424100
6.36,-0.03,3400,"bu","09:38:22",423900
6.35,-0.04,20000,"sd","09:38:17",420500
6.36,-0.03,500,"bu","09:38:11",400500
6.36,-0.03,11200,"sd","09:38:07",400000
6.36,-0.03,100,"sd","09:38:02",388800
6.38,-0.01,400,"bu","09:37:47",388700
6.38,-0.01,100,"bu","09:37:11",388300
6.36,-0.03,1000,"bu","09:36:46",388200
6.36,-0.03,4000,"bu","09:36:45",387200
6.36,-0.03,6800,"bu","09:36:43",383200
6.36,-0.03,1000,"bu","09:36:31",376400
6.35,-0.04,1200,"bu","09:36:28",375400
6.35,-0.04,100,"bu","09:36:27",374200
6.35,-0.04,1000,"bu","09:36:24",374100
6.35,-0.04,20000,"bu","09:36:23",373100
6.35,-0.04,2000,"bu","09:36:10",353100
6.35,-0.04,300,"bu","09:36:06",351100
6.34,-0.05,100,"sd","09:35:47",350800
6.34,-0.05,100,"sd","09:35:46",350700
6.34,-0.05,200,"sd","09:35:08",350600
6.34,-0.05,10500,"sd","09:34:58",350400
6.34,-0.05,2300,"bu","09:33:47",339900
6.34,-0.05,5000,"bu","09:33:40",337600
6.34,-0.05,5000,"bu","09:33:38",332600
6.34,-0.05,2000,"bu","09:33:26",327600
6.34,-0.05,1000,"bu","09:32:58",325600
6.34,-0.05,200,"bu","09:32:19",324600
6.34,-0.05,5700,"sd","09:32:17",324400
6.34,-0.05,3500,"sd","09:31:14",318700
6.34,-0.05,21000,"sd","09:30:50",315200
6.35,-0.04,1000,"bu","09:29:00",294200
6.33,-0.06,100,"sd","09:28:43",293200
6.34,-0.05,200,"sd","09:28:42",293100
6.35,-0.04,5000,"bu","09:28:21",292900
6.35,-0.04,600,"sd","09:28:17",287900
6.35,-0.04,25000,"sd","09:28:06",287300
6.36,-0.03,30100,"sd","09:27:34",262300
6.37,-0.02,7300,"sd","09:27:34",232200
6.38,-0.01,4000,"bu","09:27:24",224900
6.38,-0.01,800,"sd","09:27:18",220900
6.38,-0.01,6000,"sd","09:27:17",220100
6.38,-0.01,100,"sd","09:27:13",214100
6.38,-0.01,500,"sd","09:27:07",214000
6.38,-0.01,500,"sd","09:27:05",213500
6.38,-0.01,1000,"sd","09:27:01",213000
6.38,-0.01,7100,"sd","09:26:53",212000
6.38,-0.01,300,"sd","09:26:14",204900
6.38,-0.01,100,"sd","09:25:32",204600
6.38,-0.01,100,"sd","09:25:27",204500
6.39,0,1000,"bu","09:25:15",204400
6.39,0,200,"bu","09:24:54",203400
6.39,0,1000,"bu","09:24:52",203200
6.39,0,1000,"bu","09:24:47",202200
6.39,0,1000,"bu","09:24:39",201200
6.39,0,500,"bu","09:24:31",200200
6.39,0,3000,"bu","09:24:29",199700
6.39,0,1400,"sd","09:23:56",196700
6.4,0.01,5000,"bu","09:23:39",195300
6.4,0.01,300,"bu","09:23:34",190300
6.4,0.01,2000,"bu","09:23:33",190000
6.39,0,500,"sd","09:23:32",188000
6.39,0,100,"bu","09:23:30",187500
6.4,0.01,4600,"bu","09:23:17",187400
6.39,0,2100,"sd","09:23:17",182400
6.39,0,100,"sd","09:23:08",180300
6.39,0,6500,"sd","09:23:06",180200
6.39,0,3000,"sd","09:23:02",173700
6.39,0,200,"sd","09:22:51",170700
6.4,0.01,2500,"bu","09:22:36",170500
6.39,0,20000,"sd","09:22:19",168000
6.4,0.01,100,"bu","09:21:41",148000
6.4,0.01,1600,"bu","09:21:28",147900
6.4,0.01,400,"sd","09:21:24",146300
6.4,0.01,2000,"sd","09:21:22",145900
6.4,0.01,2600,"bu","09:21:12",143900
6.4,0.01,300,"bu","09:21:06",141300
6.4,0.01,500,"bu","09:21:05",141000
6.4,0.01,600,"sd","09:21:00",140500
6.4,0.01,3000,"sd","09:20:58",139900
6.4,0.01,200,"sd","09:20:47",136900
6.4,0.01,1000,"sd","09:20:39",136700
6.4,0.01,8200,"bu","09:20:32",135700
6.39,0,300,"sd","09:20:21",127500
6.39,0,2300,"sd","09:20:13",127200
6.39,0,2000,"sd","09:20:03",124900
6.39,0,1700,"sd","09:19:54",122900
6.39,0,5000,"sd","09:19:21",121200
6.4,0.01,1400,"bu","09:19:17",116200
6.39,0,100,"bu","09:19:01",114800
6.38,-0.01,100,"sd","09:18:53",114700
6.38,-0.01,400,"sd","09:18:44",114600
6.38,-0.01,200,"sd","09:18:21",114200
6.39,0,300,"sd","09:18:21",114000
6.38,-0.01,100,"sd","09:17:42",113700
6.38,-0.01,9300,"sd","09:17:18",113600
6.38,-0.01,1000,"sd","09:16:46",104300
6.41,0.02,5700,"bu","09:16:39",103300
6.4,0.01,13200,"bu","09:16:38",97600
6.39,0,2400,"bu","09:16:38",84400
6.39,0,7800,"sd","09:16:21",82000
6.39,0,1000,"sd","09:16:21",74200
6.39,0,2000,"sd","09:15:57",73200
6.39,0,2000,"sd","09:15:53",71200
6.4,0.01,10000,"bu","09:15:49",69200
6.39,0,10000,"sd","09:15:42",59200
6.4,0.01,100,"sd","09:15:15",49200
6.4,0.01,1000,"sd","09:15:01",49100
6.41,0.02,48100,"","09:15:01",48100
