"price","change","match_qtty","side","time","total_vol"
16.5,0.25,236600,"","14:45:01",7468900
16.5,0.25,4100,"sd","14:29:58",7232300
16.5,0.25,3500,"sd","14:29:57",7228200
16.5,0.25,1000,"sd","14:29:54",7224700
16.5,0.25,100,"sd","14:29:51",7223700
16.5,0.25,200,"sd","14:29:42",7223000
16.5,0.25,100,"sd","14:29:35",7222800
16.5,0.25,200,"sd","14:29:32",7222700
16.55,0.3,300,"bu","14:29:31",7222500
16.5,0.25,600,"sd","14:29:30",7222200
16.5,0.25,500,"sd","14:29:28",7221600
16.5,0.25,100,"sd","14:29:24",7221100
16.5,0.25,200,"sd","14:29:22",7221000
16.5,0.25,200,"sd","14:29:19",7220800
16.5,0.25,100,"sd","14:29:19",7220600
16.5,0.25,200,"sd","14:29:16",7220500
16.5,0.25,100,"sd","14:29:14",7220300
16.55,0.3,10100,"bu","14:29:14",7220200
16.5,0.25,500,"sd","14:29:08",7210100
16.5,0.25,100,"sd","14:29:03",7209600
16.5,0.25,200,"sd","14:29:01",7209500
16.5,0.25,300,"sd","14:28:59",7209300
16.5,0.25,300,"sd","14:28:58",7209000
16.5,0.25,100,"sd","14:28:55",7208700
16.5,0.25,300,"sd","14:28:53",7208600
16.5,0.25,200,"sd","14:28:49",7208300
16.5,0.25,300,"sd","14:28:48",7208100
16.5,0.25,100,"sd","14:28:47",7207800
16.5,0.25,300,"sd","14:28:45",7207700
16.5,0.25,300,"sd","14:28:43",7207400
16.5,0.25,200,"sd","14:28:41",7207100
16.5,0.25,300,"sd","14:28:37",7206900
16.55,0.3,1500,"bu","14:28:29",7206600
16.5,0.25,300,"sd","14:28:27",7205100
16.5,0.25,200,"sd","14:28:20",7204800
16.5,0.25,300,"sd","14:28:12",7204600
16.5,0.25,100,"sd","14:28:09",7204300
16.5,0.25,300,"sd","14:28:06",7204200
16.5,0.25,300,"sd","14:27:56",7203900
16.5,0.25,300,"sd","14:27:46",7203600
16.6,0.35,3600,"bu","14:27:46",7203300
16.55,0.3,1000,"sd","14:27:44",7199700
16.55,0.3,400,"bu","14:27:35",7198700
16.5,0.25,300,"sd","14:27:35",7198300
16.5,0.25,25000,"sd","14:27:31",7198000
16.5,0.25,300,"sd","14:27:25",7173000
16.5,0.25,400,"sd","14:27:23",7172700
16.5,0.25,3800,"sd","14:27:22",7172300
16.5,0.25,7600,"sd","14:27:20",7168500
16.5,0.25,7600,"sd","14:27:19",7160900
16.5,0.25,3800,"sd","14:27:18",7153300
16.5,0.25,3800,"sd","14:27:17",7149500
16.5,0.25,300,"sd","14:27:15",7145700
16.5,0.25,100,"sd","14:27:11",7145400
16.5,0.25,300,"sd","14:27:04",7145300
16.5,0.25,200,"sd","14:26:57",7145000
16.5,0.25,600,"sd","14:26:54",7144800
16.5,0.25,300,"sd","14:26:44",7144200
16.5,0.25,300,"sd","14:26:33",7143900
16.5,0.25,300,"sd","14:26:23",7143600
16.55,0.3,3500,"sd","14:26:19",7143300
16.55,0.3,3800,"sd","14:26:18",7139800
16.55,0.3,300,"sd","14:26:13",7136000
16.55,0.3,1000,"sd","14:26:06",7135700
16.55,0.3,1500,"sd","14:26:03",7134700
16.55,0.3,300,"sd","14:26:02",7133200
16.55,0.3,100,"sd","14:26:01",7132900
16.55,0.3,200,"sd","14:25:52",7132800
16.55,0.3,10000,"sd","14:25:43",7132600
16.55,0.3,300,"sd","14:25:42",7122600
16.55,0.3,2200,"sd","14:25:38",7122300
16.55,0.3,300,"sd","14:25:37",7120100
16.55,0.3,300,"sd","14:25:31",7119800
16.55,0.3,300,"sd","14:25:22",7119500
16.55,0.3,2000,"sd","14:25:12",7119200
16.55,0.3,300,"sd","14:25:11",7117200
16.55,0.3,200,"sd","14:25:09",7116900
16.55,0.3,100,"sd","14:25:08",7116700
16.55,0.3,300,"sd","14:25:00",7116600
16.55,0.3,3100,"sd","14:24:58",7116300
16.55,0.3,1500,"sd","14:24:53",7113200
16.55,0.3,300,"sd","14:24:50",7111700
16.55,0.3,400,"sd","14:24:46",7111400
16.55,0.3,300,"sd","14:24:41",7111000
16.55,0.3,300,"sd","14:24:29",7110700
16.55,0.3,200,"sd","14:24:28",7110400
16.55,0.3,5000,"sd","14:24:27",7110200
16.55,0.3,600,"sd","14:24:19",7105200
16.55,0.3,500,"sd","14:24:15",7104600
16.55,0.3,300,"sd","14:24:09",7104100
16.55,0.3,300,"sd","14:23:58",7103800
16.55,0.3,100,"sd","14:23:55",7103500
16.55,0.3,300,"sd","14:23:48",7103400
16.55,0.3,700,"sd","14:23:47",7103100
16.55,0.3,300,"sd","14:23:43",7102400
16.55,0.3,100,"sd","14:23:41",7102100
16.55,0.3,500,"sd","14:23:38",7102000
16.55,0.3,500,"sd","14:23:35",7101500
16.55,0.3,300,"sd","14:23:27",7101000
16.55,0.3,600,"sd","14:23:17",7100700
16.55,0.3,300,"sd","14:23:15",7100100
16.55,0.3,200,"sd","14:23:13",7099800
16.55,0.3,300,"sd","14:23:10",7099600
16.55,0.3,300,"sd","14:23:07",7099300
16.55,0.3,200,"sd","14:23:05",7099000
16.55,0.3,300,"sd","14:23:03",7098800
16.55,0.3,400,"sd","14:23:03",7098500
16.55,0.3,500,"sd","14:22:59",7098100
16.55,0.3,300,"sd","14:22:56",7097600
16.55,0.3,300,"sd","14:22:55",7097300
16.55,0.3,300,"sd","14:22:52",7097000
16.55,0.3,400,"sd","14:22:51",7096700
16.55,0.3,300,"sd","14:22:47",7096300
16.55,0.3,400,"sd","14:22:46",7096000
16.6,0.35,50000,"bu","14:22:45",7095600
16.55,0.3,300,"sd","14:22:44",7045600
16.55,0.3,200,"sd","14:22:42",7045300
16.55,0.3,300,"sd","14:22:40",7045100
16.55,0.3,400,"sd","14:22:38",7044800
16.55,0.3,300,"sd","14:22:37",7044400
16.55,0.3,300,"sd","14:22:36",7044100
16.55,0.3,300,"sd","14:22:34",7043800
16.55,0.3,200,"sd","14:22:32",7043500
16.55,0.3,300,"sd","14:22:25",7043300
16.55,0.3,300,"sd","14:22:15",7043000
16.55,0.3,100,"sd","14:22:08",7042700
16.55,0.3,300,"sd","14:22:05",7042600
16.55,0.3,300,"sd","14:21:54",7042300
16.55,0.3,200,"sd","14:21:45",7042000
16.55,0.3,700,"sd","14:21:37",7041800
16.55,0.3,1400,"sd","14:21:35",7041100
16.6,0.35,100,"bu","14:20:45",7039700
16.6,0.35,100,"bu","14:20:15",7039600
16.6,0.35,300,"bu","14:19:20",7039500
16.6,0.35,1800,"sd","14:19:00",7039200
16.6,0.35,200,"sd","14:18:50",7037400
16.6,0.35,500,"sd","14:18:47",7037200
16.6,0.35,35000,"sd","14:18:45",7036700
16.6,0.35,100,"sd","14:18:34",7001700
16.6,0.35,200,"sd","14:18:28",7001600
16.6,0.35,300,"sd","14:18:18",7001400
16.6,0.35,3800,"sd","14:18:15",7001100
16.6,0.35,700,"sd","14:18:14",6997300
16.6,0.35,200,"sd","14:18:04",6996600
16.6,0.35,100,"sd","14:18:00",6996400
16.6,0.35,200,"sd","14:17:55",6996300
16.6,0.35,300,"sd","14:17:53",6996100
16.6,0.35,300,"sd","14:17:49",6995800
16.6,0.35,100,"sd","14:17:48",6995500
16.6,0.35,100,"sd","14:17:46",6995400
16.6,0.35,200,"sd","14:17:45",6995300
16.6,0.35,400,"sd","14:17:43",6995100
16.6,0.35,300,"sd","14:17:41",6994700
16.6,0.35,200,"sd","14:17:37",6994400
16.6,0.35,400,"sd","14:17:35",6994200
16.6,0.35,100,"sd","14:17:33",6993800
16.6,0.35,200,"sd","14:17:32",6993700
16.6,0.35,300,"sd","14:17:29",6993500
16.6,0.35,3000,"sd","14:17:28",6993200
16.6,0.35,400,"sd","14:17:24",6990200
16.6,0.35,120000,"sd","14:17:22",6989800
16.6,0.35,300,"sd","14:17:22",6869800
16.6,0.35,100,"sd","14:17:21",6869500
16.6,0.35,800,"sd","14:17:06",6869400
16.6,0.35,100,"sd","14:17:03",6868600
16.6,0.35,200,"sd","14:16:46",6868500
16.6,0.35,7300,"sd","14:16:01",6868300
16.6,0.35,200,"sd","14:15:59",6861000
16.6,0.35,700,"sd","14:15:59",6860800
16.6,0.35,1000,"sd","14:15:47",6860100
16.6,0.35,400,"sd","14:15:10",6859100
16.65,0.4,1000,"bu","14:14:35",6858700
16.65,0.4,500,"bu","14:14:22",6857700
16.65,0.4,500,"sd","14:13:50",6857200
16.65,0.4,3100,"sd","14:13:47",6856700
16.65,0.4,18900,"sd","14:13:46",6853600
16.65,0.4,800,"sd","14:13:43",6834700
16.65,0.4,300,"sd","14:13:41",6833900
16.7,0.45,3000,"bu","14:13:20",6833600
16.65,0.4,500,"sd","14:13:18",6830600
16.65,0.4,7000,"sd","14:13:08",6830100
16.65,0.4,1000,"sd","14:13:06",6823100
16.65,0.4,200,"sd","14:13:00",6822100
16.65,0.4,3000,"sd","14:12:59",6821900
16.65,0.4,300,"sd","14:12:57",6818900
16.65,0.4,200,"sd","14:12:54",6818600
16.65,0.4,300,"sd","14:12:53",6818400
16.65,0.4,300,"sd","14:12:50",6818100
16.65,0.4,200,"sd","14:12:48",6817800
16.65,0.4,300,"sd","14:12:46",6817600
16.65,0.4,1000,"sd","14:12:41",6817300
16.65,0.4,5000,"sd","14:12:39",6816300
16.7,0.45,1200,"bu","14:12:32",6811300
16.65,0.4,200,"sd","14:12:26",6810100
16.7,0.45,200,"bu","14:12:21",6809900
16.65,0.4,200,"sd","14:12:21",6809700
16.7,0.45,4700,"bu","14:12:18",6809500
16.65,0.4,300,"sd","14:12:18",6804800
16.65,0.4,200,"sd","14:12:16",6804500
16.65,0.4,300,"sd","14:12:12",6804300
16.65,0.4,200,"sd","14:12:10",6804000
16.65,0.4,400,"sd","14:12:09",6803800
16.65,0.4,100,"sd","14:12:08",6803400
16.65,0.4,200,"sd","14:12:06",6803300
16.65,0.4,300,"sd","14:12:04",6803100
16.7,0.45,600,"bu","14:12:01",6802800
16.65,0.4,100,"sd","14:12:00",6802200
16.65,0.4,1200,"sd","14:11:58",6802100
16.65,0.4,300,"sd","14:11:56",6800900
16.65,0.4,200,"sd","14:11:54",6800600
16.65,0.4,400,"sd","14:11:52",6800400
16.65,0.4,200,"sd","14:11:50",6800000
16.7,0.45,5000,"bu","14:11:48",6799800
16.65,0.4,400,"sd","14:11:48",6794800
16.65,0.4,300,"sd","14:11:46",6794400
16.65,0.4,100,"sd","14:11:40",6794100
16.7,0.45,17000,"bu","14:11:35",6794000
16.7,0.45,10000,"bu","14:11:22",6777000
16.65,0.4,300,"sd","14:11:15",6767000
16.65,0.4,2000,"sd","14:11:13",6766700
16.65,0.4,200,"sd","14:11:09",6764700
16.7,0.45,3000,"bu","14:11:02",6764500
16.7,0.45,23000,"bu","14:10:59",6761500
16.65,0.4,200,"sd","14:10:55",6738500
16.7,0.45,5000,"bu","14:10:50",6738300
16.65,0.4,9100,"sd","14:10:47",6733300
16.65,0.4,100,"sd","14:10:44",6724200
16.65,0.4,500,"sd","14:10:39",6724100
16.7,0.45,10000,"bu","14:10:33",6723600
16.65,0.4,100,"sd","14:10:24",6713600
16.65,0.4,100,"sd","14:10:23",6713500
16.7,0.45,1300,"bu","14:10:20",6713400
16.65,0.4,1100,"sd","14:10:16",6712100
16.65,0.4,100,"sd","14:10:15",6711000
16.7,0.45,200,"bu","14:09:55",6710900
16.65,0.4,2200,"sd","14:09:51",6710700
16.7,0.45,500,"bu","14:09:46",6708500
16.65,0.4,2000,"sd","14:09:44",6708000
16.65,0.4,800,"sd","14:09:13",6706000
16.65,0.4,3800,"sd","14:09:12",6705200
16.65,0.4,4600,"sd","14:09:02",6701400
16.7,0.45,300,"bu","14:09:00",6696800
16.7,0.45,1000,"bu","14:08:34",6696500
16.7,0.45,1000,"bu","14:08:28",6695500
16.65,0.4,100,"sd","14:08:25",6694500
16.7,0.45,1000,"bu","14:08:10",6694400
16.7,0.45,1200,"bu","14:07:47",6693400
16.65,0.4,6500,"sd","14:07:47",6692200
16.7,0.45,3000,"bu","14:06:30",6685700
16.65,0.4,500,"sd","14:06:26",6682700
16.7,0.45,3000,"bu","14:06:06",6682200
16.7,0.45,2500,"bu","14:06:02",6679200
16.65,0.4,600,"bu","14:05:59",6676700
16.65,0.4,200,"sd","14:05:50",6676100
16.65,0.4,9800,"sd","14:05:49",6675900
16.65,0.4,25800,"sd","14:05:49",6666100
16.65,0.4,51200,"sd","14:05:37",6640300
16.65,0.4,44500,"sd","14:05:37",6589100
16.7,0.45,2000,"bu","14:05:31",6544600
16.65,0.4,800,"sd","14:05:27",6542600
16.65,0.4,900,"sd","14:05:16",6541800
16.65,0.4,100,"sd","14:05:15",6540900
16.7,0.45,1000,"bu","14:05:08",6540800
16.65,0.4,100,"sd","14:05:07",6539800
16.65,0.4,900,"sd","14:05:06",6539700
16.65,0.4,5400,"sd","14:05:01",6538800
16.65,0.4,900,"sd","14:04:55",6533400
16.65,0.4,6700,"sd","14:04:50",6532500
16.7,0.45,1500,"bu","14:04:37",6525800
16.7,0.45,100,"bu","14:04:34",6524300
16.7,0.45,5000,"bu","14:04:25",6524200
16.7,0.45,500,"bu","14:04:13",6519200
16.7,0.45,2800,"bu","14:04:09",6518700
16.7,0.45,1000,"bu","14:04:07",6515900
16.7,0.45,2000,"bu","14:03:41",6514900
16.65,0.4,800,"sd","14:03:35",6512900
16.65,0.4,1000,"sd","14:03:32",6512100
16.65,0.4,800,"sd","14:03:21",6511100
16.65,0.4,900,"sd","14:03:11",6510300
16.65,0.4,500,"sd","14:03:08",6509400
16.65,0.4,100,"sd","14:03:07",6508900
16.7,0.45,200,"bu","14:02:42",6508800
16.7,0.45,20000,"bu","14:02:41",6508600
16.7,0.45,2000,"bu","14:02:38",6488600
16.65,0.4,100,"sd","14:02:32",6486600
16.7,0.45,5000,"bu","14:02:30",6486500
16.7,0.45,400,"bu","14:02:30",6481500
16.65,0.4,800,"sd","14:02:29",6481100
16.65,0.4,800,"sd","14:02:27",6480300
16.65,0.4,400,"sd","14:02:25",6479500
16.65,0.4,1200,"sd","14:02:19",6479100
16.65,0.4,100,"sd","14:02:13",6477900
16.7,0.45,100,"bu","14:02:04",6477800
16.7,0.45,2000,"bu","14:01:36",6477700
16.7,0.45,100,"bu","14:00:45",6475700
16.65,0.4,900,"sd","14:00:44",6475600
16.65,0.4,100,"sd","14:00:41",6474700
16.7,0.45,3000,"bu","14:00:33",6474600
16.65,0.4,100,"sd","14:00:33",6471600
16.65,0.4,1000,"sd","14:00:31",6471500
16.65,0.4,900,"sd","14:00:24",6470500
16.65,0.4,800,"sd","14:00:13",6469600
16.65,0.4,800,"sd","14:00:12",6468800
16.65,0.4,900,"sd","14:00:03",6468000
16.65,0.4,500,"sd","13:59:59",6467100
16.7,0.45,1000,"bu","13:59:58",6466600
16.65,0.4,1000,"sd","13:59:57",6465600
16.65,0.4,1200,"sd","13:59:52",6464600
16.65,0.4,800,"sd","13:59:42",6463400
16.65,0.4,900,"sd","13:59:31",6462600
16.65,0.4,800,"sd","13:59:22",6461700
16.65,0.4,100,"sd","13:59:18",6460900
16.7,0.45,3000,"bu","13:59:16",6460800
16.7,0.45,300,"bu","13:58:36",6457800
16.7,0.45,900,"bu","13:58:33",6457500
16.7,0.45,400,"sd","13:58:20",6456600
16.7,0.45,900,"sd","13:58:18",6456200
16.7,0.45,600,"sd","13:58:16",6455300
16.7,0.45,600,"sd","13:58:13",6454700
16.7,0.45,300,"sd","13:58:11",6454100
16.7,0.45,600,"sd","13:58:09",6453800
16.7,0.45,800,"sd","13:58:08",6453200
16.7,0.45,700,"sd","13:58:05",6452400
16.7,0.45,100,"sd","13:58:04",6451700
16.7,0.45,700,"sd","13:58:02",6451600
16.7,0.45,400,"bu","13:58:01",6450900
16.7,0.45,300,"sd","13:57:58",6450500
16.7,0.45,24000,"sd","13:57:57",6450200
16.75,0.5,5000,"bu","13:57:56",6426200
16.7,0.45,700,"sd","13:57:55",6421200
16.7,0.45,700,"sd","13:57:54",6420500
16.7,0.45,1400,"sd","13:57:47",6419800
16.7,0.45,200,"sd","13:57:44",6418400
16.7,0.45,700,"sd","13:57:43",6418200
16.7,0.45,100,"sd","13:57:42",6417500
16.7,0.45,700,"sd","13:57:39",6417400
16.7,0.45,2000,"sd","13:57:38",6416700
16.7,0.45,19200,"bu","13:57:37",6414700
16.7,0.45,2100,"bu","13:57:36",6395500
16.7,0.45,2000,"bu","13:57:29",6393400
16.7,0.45,3000,"bu","13:57:27",6391400
16.65,0.4,800,"sd","13:57:26",6388400
16.65,0.4,500,"sd","13:57:20",6387600
16.65,0.4,900,"sd","13:57:15",6387100
16.65,0.4,800,"sd","13:57:05",6386200
16.65,0.4,900,"sd","13:56:55",6385400
16.65,0.4,100,"sd","13:56:49",6384500
16.65,0.4,600,"sd","13:56:49",6384400
16.65,0.4,100,"sd","13:56:48",6383800
16.7,0.45,600,"bu","13:56:35",6383700
16.7,0.45,20700,"bu","13:56:26",6383100
16.7,0.45,11000,"sd","13:56:22",6362400
16.7,0.45,50000,"sd","13:56:20",6351400
16.7,0.45,600,"sd","13:56:18",6301400
16.7,0.45,700,"sd","13:56:14",6300800
16.7,0.45,800,"sd","13:56:13",6300100
16.7,0.45,700,"sd","13:56:11",6299300
16.7,0.45,600,"sd","13:56:07",6298600
16.7,0.45,30000,"sd","13:56:05",6298000
16.75,0.5,5000,"bu","13:55:57",6268000
16.75,0.5,5000,"bu","13:55:40",6263000
16.7,0.45,700,"sd","13:55:37",6258000
16.7,0.45,10000,"sd","13:55:36",6257300
16.7,0.45,600,"sd","13:55:34",6247300
16.7,0.45,1300,"sd","13:55:33",6246700
16.7,0.45,800,"sd","13:55:31",6245400
16.7,0.45,700,"sd","13:55:30",6244600
16.7,0.45,700,"sd","13:55:26",6243900
16.7,0.45,600,"sd","13:55:23",6243200
16.7,0.45,900,"sd","13:55:20",6242600
16.7,0.45,700,"sd","13:55:19",6241700
16.7,0.45,700,"sd","13:55:16",6241000
16.7,0.45,20000,"sd","13:55:14",6240300
16.75,0.5,5000,"bu","13:55:08",6220300
16.75,0.5,5000,"bu","13:55:00",6215300
16.75,0.5,5000,"bu","13:54:56",6210300
16.7,0.45,700,"sd","13:54:54",6205300
16.7,0.45,600,"sd","13:54:49",6204600
16.7,0.45,900,"sd","13:54:49",6204000
16.7,0.45,700,"sd","13:54:46",6203100
16.7,0.45,700,"sd","13:54:42",6202400
16.7,0.45,800,"sd","13:54:39",6201700
16.7,0.45,600,"sd","13:54:38",6200900
16.7,0.45,100,"sd","13:54:37",6200300
16.7,0.45,700,"sd","13:54:35",6200200
16.7,0.45,800,"sd","13:54:34",6199500
16.7,0.45,700,"sd","13:54:31",6198700
16.7,0.45,500,"sd","13:54:29",6198000
16.75,0.5,5000,"bu","13:54:21",6197500
16.7,0.45,700,"sd","13:54:21",6192500
16.7,0.45,800,"sd","13:54:18",6191800
16.7,0.45,600,"sd","13:54:17",6191000
16.7,0.45,700,"sd","13:54:13",6190400
16.7,0.45,700,"sd","13:54:09",6189700
16.7,0.45,900,"sd","13:54:07",6189000
16.7,0.45,600,"sd","13:54:05",6188100
16.7,0.45,3600,"sd","13:54:03",6187500
16.7,0.45,700,"sd","13:54:01",6183900
16.7,0.45,700,"sd","13:53:58",6183200
16.7,0.45,900,"sd","13:53:57",6182500
16.7,0.45,600,"sd","13:53:54",6181600
16.7,0.45,700,"sd","13:53:53",6181000
16.7,0.45,700,"sd","13:53:50",6180300
16.7,0.45,700,"sd","13:53:47",6179600
16.7,0.45,800,"sd","13:53:46",6178900
16.7,0.45,600,"sd","13:53:43",6178100
16.7,0.45,1500,"sd","13:53:42",6177500
16.7,0.45,700,"sd","13:53:39",6176000
16.7,0.45,6000,"sd","13:53:38",6175300
16.75,0.5,1000,"bu","13:53:32",6169300
16.7,0.45,700,"sd","13:53:28",6168300
16.7,0.45,1500,"sd","13:53:26",6167600
16.7,0.45,700,"sd","13:53:25",6166100
16.7,0.45,5000,"sd","13:53:24",6165400
16.75,0.5,2000,"bu","13:53:20",6160400
16.75,0.5,1800,"bu","13:53:16",6158400
16.75,0.5,5000,"bu","13:53:13",6156600
16.75,0.5,1000,"bu","13:53:07",6151600
16.75,0.5,5000,"bu","13:53:00",6150600
16.7,0.45,600,"sd","13:53:00",6145600
16.7,0.45,100,"sd","13:52:58",6145000
16.7,0.45,700,"sd","13:52:56",6144900
16.7,0.45,900,"sd","13:52:54",6144200
16.75,0.5,10000,"bu","13:52:54",6143300
16.7,0.45,700,"sd","13:52:51",6133300
16.7,0.45,2600,"sd","13:52:48",6132600
16.75,0.5,2000,"bu","13:52:35",6130000
16.7,0.45,1600,"sd","13:52:33",6128000
16.7,0.45,10000,"sd","13:52:30",6126400
16.75,0.5,200,"bu","13:52:29",6116400
16.75,0.5,112900,"sd","13:52:25",6116200
16.8,0.55,10000,"bu","13:52:25",6003300
16.75,0.5,900,"sd","13:52:23",5993300
16.75,0.5,700,"sd","13:52:22",5992400
16.75,0.5,800,"sd","13:52:19",5991700
16.75,0.5,1500,"sd","13:52:18",5990900
16.75,0.5,600,"sd","13:52:14",5989400
16.75,0.5,100,"sd","13:52:14",5988800
16.8,0.55,400,"bu","13:52:13",5988700
16.75,0.5,800,"sd","13:52:12",5988300
16.75,0.5,700,"sd","13:52:11",5987500
16.75,0.5,700,"sd","13:52:07",5986800
16.75,0.5,600,"sd","13:52:04",5986100
16.75,0.5,900,"sd","13:52:02",5985500
16.75,0.5,700,"sd","13:52:00",5984600
16.75,0.5,700,"sd","13:51:56",5983900
16.75,0.5,600,"sd","13:51:52",5983200
16.75,0.5,800,"sd","13:51:51",5982600
16.75,0.5,700,"sd","13:51:48",5981800
16.75,0.5,700,"sd","13:51:45",5981100
16.75,0.5,100,"sd","13:51:42",5980400
16.75,0.5,1100,"sd","13:51:41",5979700
16.8,0.55,200,"bu","13:51:28",5978600
16.8,0.55,100,"bu","13:51:25",5978400
16.75,0.5,500,"sd","13:51:23",5978300
16.8,0.55,500,"bu","13:51:20",5977800
16.75,0.5,900,"sd","13:51:20",5977300
16.75,0.5,700,"sd","13:51:19",5976400
16.75,0.5,800,"sd","13:51:17",5975700
16.75,0.5,600,"sd","13:51:15",5974900
16.75,0.5,1000,"sd","13:51:13",5974300
16.8,0.55,800,"bu","13:51:01",5973300
16.75,0.5,700,"sd","13:51:00",5972500
16.75,0.5,900,"sd","13:50:59",5971800
16.75,0.5,700,"sd","13:50:57",5970900
16.75,0.5,800,"sd","13:50:53",5970200
16.75,0.5,700,"sd","13:50:49",5969400
16.75,0.5,900,"sd","13:50:49",5968700
16.75,0.5,1000,"sd","13:50:48",5967800
16.75,0.5,700,"sd","13:50:46",5966800
16.75,0.5,5200,"sd","13:50:42",5966100
16.75,0.5,700,"sd","13:50:42",5960900
16.75,0.5,1000,"sd","13:50:40",5960200
16.75,0.5,1700,"sd","13:50:38",5959200
16.75,0.5,700,"sd","13:50:35",5957500
16.75,0.5,100,"sd","13:50:33",5956800
16.8,0.55,1000,"bu","13:50:29",5956700
16.75,0.5,1600,"sd","13:50:28",5955700
16.75,0.5,700,"sd","13:50:24",5954100
16.75,0.5,700,"sd","13:50:20",5953400
16.75,0.5,900,"sd","13:50:17",5952700
16.75,0.5,700,"sd","13:50:17",5951800
16.75,0.5,100,"sd","13:50:13",5951100
16.8,0.55,5000,"bu","13:50:10",5951000
16.8,0.55,100,"bu","13:50:09",5946000
16.8,0.55,80000,"bu","13:50:08",5945900
16.75,0.5,900,"sd","13:50:07",5865900
16.75,0.5,700,"sd","13:50:06",5865000
16.75,0.5,800,"sd","13:50:04",5864300
16.75,0.5,700,"sd","13:50:01",5863500
16.75,0.5,700,"sd","13:49:58",5862800
16.75,0.5,900,"sd","13:49:56",5862100
16.75,0.5,700,"sd","13:49:54",5861200
16.75,0.5,100,"sd","13:49:53",5860500
16.75,0.5,5700,"sd","13:49:50",5860400
16.75,0.5,1600,"sd","13:49:46",5854700
16.75,0.5,700,"sd","13:49:43",5853100
16.75,0.5,200,"sd","13:49:42",5852400
16.75,0.5,700,"sd","13:49:39",5852200
16.75,0.5,1600,"sd","13:49:36",5851500
16.75,0.5,700,"sd","13:49:33",5849900
16.75,0.5,700,"sd","13:49:28",5849200
16.75,0.5,1600,"sd","13:49:25",5848500
16.75,0.5,700,"sd","13:49:21",5846900
16.75,0.5,700,"sd","13:49:17",5846200
16.75,0.5,900,"sd","13:49:15",5845500
16.75,0.5,700,"sd","13:49:13",5844600
16.75,0.5,700,"sd","13:49:10",5843900
16.75,0.5,500,"sd","13:49:10",5843200
16.75,0.5,700,"sd","13:49:06",5842700
16.75,0.5,10000,"sd","13:49:05",5842000
16.8,0.55,2000,"bu","13:48:53",5832000
16.8,0.55,2000,"bu","13:48:46",5830000
16.8,0.55,50000,"bu","13:48:34",5828000
16.75,0.5,700,"sd","13:48:34",5778000
16.75,0.5,800,"sd","13:48:33",5777300
16.75,0.5,900,"sd","13:48:33",5776500
16.75,0.5,700,"sd","13:48:29",5775600
16.75,0.5,100,"sd","13:48:28",5774900
16.8,0.55,5000,"bu","13:48:25",5774800
16.8,0.55,300,"bu","13:48:22",5769800
16.75,0.5,900,"sd","13:48:22",5769500
16.75,0.5,700,"sd","13:48:18",5768600
16.75,0.5,700,"sd","13:48:15",5767900
16.75,0.5,900,"sd","13:48:12",5767200
16.75,0.5,700,"sd","13:48:10",5766300
16.75,0.5,700,"sd","13:48:07",5765600
16.75,0.5,700,"sd","13:48:03",5764900
16.75,0.5,900,"sd","13:48:02",5764200
16.75,0.5,800,"sd","13:47:59",5763300
16.75,0.5,700,"sd","13:47:56",5762500
16.75,0.5,700,"sd","13:47:52",5761800
16.75,0.5,900,"sd","13:47:51",5761100
16.75,0.5,1600,"sd","13:47:48",5760200
16.75,0.5,10000,"sd","13:47:47",5758600
16.8,0.55,5000,"bu","13:47:42",5748600
16.75,0.5,800,"sd","13:47:42",5743600
16.75,0.5,900,"sd","13:47:41",5742800
16.75,0.5,10000,"sd","13:47:39",5741900
16.75,0.5,700,"sd","13:47:37",5731900
16.75,0.5,800,"sd","13:47:33",5731200
16.75,0.5,700,"sd","13:47:30",5730400
16.75,0.5,900,"sd","13:47:30",5729700
16.75,0.5,800,"sd","13:47:27",5728800
16.75,0.5,200,"sd","13:47:25",5728000
16.8,0.55,5000,"bu","13:47:24",5727800
16.8,0.55,10000,"bu","13:47:21",5722800
16.75,0.5,2400,"sd","13:47:20",5712800
16.75,0.5,800,"sd","13:47:19",5710400
16.75,0.5,700,"sd","13:47:15",5709600
16.75,0.5,800,"sd","13:47:11",5708900
16.75,0.5,900,"sd","13:47:09",5708100
16.75,0.5,700,"sd","13:47:08",5707200
16.75,0.5,800,"sd","13:47:04",5706500
16.75,0.5,800,"sd","13:47:00",5705700
16.75,0.5,100,"sd","13:46:58",5704900
16.8,0.55,100,"bu","13:46:57",5704800
16.8,0.55,500,"bu","13:46:53",5704700
16.8,0.55,500,"bu","13:46:46",5704200
16.8,0.55,10000,"bu","13:46:40",5703700
16.75,0.5,1700,"sd","13:46:39",5693700
16.75,0.5,700,"sd","13:46:34",5692000
16.75,0.5,800,"sd","13:46:32",5691300
16.75,0.5,100,"sd","13:46:29",5690500
16.75,0.5,700,"sd","13:46:27",5690400
16.75,0.5,900,"sd","13:46:27",5689700
16.75,0.5,800,"sd","13:46:23",5688800
16.75,0.5,2500,"sd","13:46:20",5688000
16.8,0.55,5200,"bu","13:46:18",5685500
16.8,0.55,3000,"bu","13:46:01",5680300
16.8,0.55,27600,"bu","13:45:59",5677300
16.8,0.55,2000,"bu","13:45:55",5649700
16.8,0.55,10000,"bu","13:45:52",5647700
16.8,0.55,5000,"bu","13:45:43",5637700
16.75,0.5,700,"sd","13:45:43",5632700
16.75,0.5,800,"sd","13:45:39",5632000
16.75,0.5,5000,"sd","13:45:35",5631200
16.8,0.55,6000,"bu","13:45:29",5626200
16.8,0.55,10000,"bu","13:45:24",5620200
16.8,0.55,1000,"bu","13:45:19",5610200
16.8,0.55,200,"bu","13:45:10",5609200
16.8,0.55,15000,"bu","13:45:07",5609000
16.8,0.55,5000,"bu","13:44:58",5594000
16.75,0.5,100,"sd","13:44:57",5589000
16.75,0.5,900,"sd","13:44:53",5588900
16.75,0.5,100,"sd","13:44:46",5588000
16.75,0.5,900,"sd","13:44:43",5587900
16.75,0.5,400,"sd","13:44:40",5587000
16.8,0.55,400,"bu","13:44:37",5586600
16.75,0.5,900,"sd","13:44:32",5586200
16.75,0.5,100,"sd","13:44:26",5585300
16.8,0.55,3000,"bu","13:44:25",5585200
16.75,0.5,800,"sd","13:44:25",5582200
16.75,0.5,900,"sd","13:44:22",5581400
16.75,0.5,100,"sd","13:44:16",5580500
16.75,0.5,1000,"sd","13:44:15",5580400
16.8,0.55,200,"bu","13:44:09",5579400
16.75,0.5,500,"sd","13:44:09",5579200
16.75,0.5,2000,"sd","13:44:08",5578700
16.8,0.55,3300,"bu","13:44:08",5576700
16.8,0.55,20000,"bu","13:44:07",5573400
16.75,0.5,900,"sd","13:44:01",5553400
16.75,0.5,300,"sd","13:44:00",5552500
16.8,0.55,3200,"bu","13:43:59",5552200
16.75,0.5,600,"sd","13:43:54",5549000
16.8,0.55,6000,"bu","13:43:53",5548400
16.75,0.5,900,"sd","13:43:51",5542400
16.75,0.5,100,"sd","13:43:47",5541500
16.75,0.5,500,"sd","13:43:46",5541400
16.8,0.55,5000,"bu","13:43:45",5540900
16.75,0.5,100,"sd","13:43:42",5535900
16.8,0.55,500,"bu","13:43:41",5535800
16.8,0.55,700,"bu","13:43:41",5535300
16.75,0.5,600,"sd","13:43:40",5534600
16.85,0.6,4600,"bu","13:43:39",5534000
16.8,0.55,1400,"bu","13:43:39",5529400
16.75,0.5,100,"sd","13:43:34",5528000
16.8,0.55,1400,"sd","13:43:33",5527900
16.8,0.55,1000,"sd","13:43:30",5526500
16.8,0.55,100,"sd","13:43:29",5525500
16.8,0.55,800,"sd","13:43:28",5525400
16.8,0.55,8000,"sd","13:43:28",5524600
16.8,0.55,700,"sd","13:43:24",5516600
16.8,0.55,7300,"bu","13:43:23",5515900
16.75,0.5,200,"sd","13:43:21",5508600
16.8,0.55,2700,"sd","13:43:20",5508400
16.8,0.55,100,"sd","13:43:20",5505700
16.8,0.55,700,"sd","13:43:19",5505600
16.8,0.55,900,"sd","13:43:19",5504900
16.8,0.55,5600,"bu","13:43:18",5504000
16.75,0.5,800,"sd","13:43:18",5498400
16.75,0.5,500,"sd","13:43:17",5497600
16.75,0.5,500,"sd","13:43:15",5497100
16.75,0.5,500,"sd","13:43:15",5496600
16.75,0.5,5000,"sd","13:43:14",5496100
16.8,0.55,50000,"bu","13:43:14",5491100
16.75,0.5,100,"sd","13:43:11",5441100
16.8,0.55,1000,"bu","13:43:10",5441000
16.75,0.5,900,"sd","13:43:09",5440000
16.75,0.5,100,"sd","13:43:00",5439100
16.75,0.5,900,"sd","13:42:58",5439000
16.75,0.5,900,"sd","13:42:48",5438100
16.75,0.5,600,"sd","13:42:40",5437200
16.8,0.55,600,"bu","13:42:37",5436600
16.8,0.55,100,"bu","13:42:35",5436000
16.75,0.5,100,"sd","13:42:35",5435900
16.8,0.55,1000,"bu","13:42:35",5435800
16.75,0.5,700,"sd","13:42:31",5434800
16.8,0.55,7000,"bu","13:42:30",5434100
16.75,0.5,100,"sd","13:42:27",5427100
16.8,0.55,1000,"bu","13:42:26",5427000
16.8,0.55,300,"bu","13:42:15",5426000
16.75,0.5,1200,"sd","13:42:14",5425700
16.75,0.5,600,"sd","13:42:13",5424500
16.8,0.55,10000,"bu","13:42:11",5423900
16.75,0.5,200,"sd","13:42:06",5413900
16.8,0.55,2000,"bu","13:42:05",5413700
16.75,0.5,100,"sd","13:42:03",5411700
16.8,0.55,1000,"bu","13:42:03",5411600
16.8,0.55,200,"bu","13:42:02",5410600
16.75,0.5,400,"sd","13:42:00",5410400
16.75,0.5,4000,"sd","13:41:59",5410000
16.8,0.55,40000,"bu","13:41:58",5406000
16.8,0.55,500,"bu","13:41:57",5366000
16.75,0.5,900,"sd","13:41:56",5365500
16.75,0.5,300,"sd","13:41:53",5364600
16.8,0.55,3000,"bu","13:41:52",5364300
16.75,0.5,500,"sd","13:41:48",5361300
16.75,0.5,600,"sd","13:41:47",5360800
16.75,0.5,6000,"sd","13:41:46",5360200
16.8,0.55,60000,"bu","13:41:45",5354200
16.75,0.5,900,"sd","13:41:45",5294200
16.75,0.5,400,"sd","13:41:41",5293300
16.75,0.5,4000,"sd","13:41:41",5292900
16.75,0.5,100,"sd","13:41:40",5288900
16.75,0.5,900,"sd","13:41:35",5288800
16.75,0.5,500,"sd","13:41:32",5287900
16.75,0.5,300,"sd","13:41:30",5287400
16.75,0.5,900,"sd","13:41:24",5287100
16.75,0.5,100,"sd","13:41:23",5286200
16.75,0.5,900,"sd","13:41:14",5286100
16.75,0.5,100,"sd","13:41:05",5285200
16.75,0.5,1700,"sd","13:41:03",5285100
16.75,0.5,200,"sd","13:41:00",5283400
16.8,0.55,2000,"bu","13:41:00",5283200
16.75,0.5,900,"sd","13:40:53",5281200
16.75,0.5,100,"sd","13:40:46",5280300
16.75,0.5,900,"sd","13:40:43",5280200
16.75,0.5,500,"sd","13:40:39",5279300
16.75,0.5,300,"sd","13:40:35",5278800
16.8,0.55,3000,"bu","13:40:34",5278500
16.75,0.5,900,"sd","13:40:34",5275500
16.75,0.5,100,"sd","13:40:29",5274600
16.75,0.5,1600,"sd","13:40:28",5274500
16.8,0.55,1000,"bu","13:40:27",5272900
16.75,0.5,200,"sd","13:40:27",5271900
16.8,0.55,15000,"bu","13:40:27",5271700
16.8,0.55,2000,"bu","13:40:26",5256700
16.75,0.5,900,"sd","13:40:22",5254700
16.75,0.5,200,"sd","13:40:20",5253800
16.8,0.55,2000,"bu","13:40:19",5253600
16.8,0.55,300,"bu","13:40:19",5251600
16.8,0.55,300,"bu","13:40:07",5251300
16.75,0.5,100,"sd","13:40:06",5251000
16.75,0.5,1200,"sd","13:40:05",5250900
16.8,0.55,12000,"bu","13:40:04",5249700
16.8,0.55,200,"bu","13:40:00",5237700
16.75,0.5,300,"sd","13:39:59",5237500
16.75,0.5,3200,"sd","13:39:58",5237200
16.8,0.55,32300,"bu","13:39:58",5234000
16.75,0.5,500,"sd","13:39:57",5201700
16.75,0.5,100,"sd","13:39:56",5201200
16.75,0.5,600,"sd","13:39:55",5201100
16.75,0.5,800,"sd","13:39:53",5200500
16.8,0.55,5000,"bu","13:39:52",5199700
16.75,0.5,100,"sd","13:39:51",5194700
16.75,0.5,1000,"sd","13:39:50",5194600
16.8,0.55,10000,"bu","13:39:50",5193600
16.75,0.5,900,"sd","13:39:50",5183600
16.75,0.5,300,"sd","13:39:48",5182700
16.8,0.55,3000,"bu","13:39:48",5182400
16.75,0.5,500,"sd","13:39:44",5179400
16.8,0.55,5500,"bu","13:39:43",5178900
16.8,0.55,500,"bu","13:39:39",5173400
16.75,0.5,100,"sd","13:39:38",5172900
16.8,0.55,1000,"bu","13:39:37",5172800
16.75,0.5,500,"sd","13:39:33",5171800
16.75,0.5,5100,"sd","13:39:32",5171300
16.75,0.5,300,"sd","13:39:30",5166200
16.75,0.5,1100,"sd","13:39:29",5165900
16.75,0.5,400,"sd","13:39:27",5164800
16.75,0.5,900,"sd","13:39:19",5164400
16.75,0.5,900,"sd","13:39:08",5163500
16.75,0.5,900,"sd","13:38:58",5162600
16.75,0.5,100,"sd","13:38:53",5161700
16.75,0.5,800,"sd","13:38:53",5161600
16.75,0.5,1100,"sd","13:38:52",5160800
16.8,0.55,6800,"bu","13:38:51",5159700
16.75,0.5,900,"sd","13:38:48",5152900
16.75,0.5,800,"sd","13:38:47",5152000
16.75,0.5,900,"sd","13:38:37",5151200
16.75,0.5,800,"sd","13:38:35",5150300
16.8,0.55,8500,"bu","13:38:34",5149500
16.8,0.55,500,"bu","13:38:24",5141000
16.8,0.55,900,"bu","13:38:23",5140500
16.8,0.55,100,"bu","13:38:17",5139600
16.75,0.5,200,"sd","13:38:16",5139500
16.8,0.55,100,"bu","13:38:15",5139300
16.75,0.5,900,"sd","13:38:06",5139200
16.75,0.5,200,"sd","13:38:00",5138300
16.75,0.5,1000,"sd","13:37:55",5138100
16.75,0.5,2200,"sd","13:37:54",5137100
16.75,0.5,900,"sd","13:37:45",5134900
16.75,0.5,400,"sd","13:37:41",5134000
16.75,0.5,700,"sd","13:37:40",5133600
16.75,0.5,3000,"sd","13:37:39",5132900
16.75,0.5,30100,"sd","13:37:38",5129900
16.8,0.55,100,"bu","13:37:36",5099800
16.75,0.5,900,"sd","13:37:34",5099700
16.75,0.5,200,"sd","13:37:29",5098800
16.75,0.5,100,"sd","13:37:26",5098600
16.8,0.55,300,"bu","13:37:25",5098500
16.75,0.5,900,"sd","13:37:24",5098200
16.75,0.5,100,"sd","13:37:16",5097300
16.75,0.5,900,"sd","13:37:13",5097200
16.75,0.5,100,"sd","13:37:13",5096300
16.75,0.5,900,"sd","13:37:07",5096200
16.75,0.5,9800,"sd","13:37:07",5095300
16.75,0.5,900,"sd","13:37:03",5085500
16.75,0.5,700,"sd","13:36:57",5084600
16.8,0.55,2000,"bu","13:36:56",5083900
16.75,0.5,5000,"sd","13:36:56",5081900
16.75,0.5,200,"sd","13:36:55",5076900
16.8,0.55,2000,"bu","13:36:54",5076700
16.75,0.5,900,"sd","13:36:53",5074700
16.75,0.5,200,"sd","13:36:48",5073800
16.75,0.5,900,"sd","13:36:42",5073600
16.75,0.5,900,"sd","13:36:40",5072700
16.8,0.55,9000,"bu","13:36:39",5071800
16.75,0.5,500,"sd","13:36:37",5062800
16.8,0.55,5000,"bu","13:36:36",5062300
16.75,0.5,100,"sd","13:36:33",5057300
16.75,0.5,1000,"sd","13:36:32",5057200
16.8,0.55,5000,"bu","13:36:31",5056200
16.75,0.5,300,"sd","13:36:30",5051200
16.8,0.55,2000,"bu","13:36:30",5050900
16.8,0.55,1000,"bu","13:36:29",5048900
16.75,0.5,400,"sd","13:36:29",5047900
16.75,0.5,1800,"sd","13:36:28",5047500
16.8,0.55,21000,"bu","13:36:28",5045700
16.8,0.55,100,"bu","13:36:26",5024700
16.75,0.5,200,"sd","13:36:25",5024600
16.8,0.55,2000,"bu","13:36:24",5024400
16.75,0.5,900,"sd","13:36:21",5022400
16.75,0.5,100,"sd","13:36:20",5021500
16.75,0.5,1500,"sd","13:36:19",5021400
16.8,0.55,15000,"bu","13:36:18",5019900
16.8,0.55,100,"bu","13:36:17",5004900
16.75,0.5,900,"sd","13:36:11",5004800
16.75,0.5,100,"sd","13:36:10",5003900
16.8,0.55,1800,"bu","13:36:09",5003800
16.75,0.5,900,"sd","13:36:00",5002000
16.75,0.5,100,"sd","13:35:52",5001100
16.75,0.5,900,"sd","13:35:50",5001000
16.75,0.5,200,"sd","13:35:49",5000100
16.8,0.55,2000,"bu","13:35:49",4999900
16.75,0.5,100,"sd","13:35:48",4997900
16.8,0.55,1000,"bu","13:35:47",4997800
16.75,0.5,200,"sd","13:35:44",4996800
16.75,0.5,2500,"sd","13:35:43",4996600
16.75,0.5,200,"sd","13:35:42",4994100
16.75,0.5,1000,"sd","13:35:41",4993900
16.75,0.5,200,"sd","13:35:40",4992900
16.75,0.5,900,"sd","13:35:39",4992700
16.75,0.5,100,"sd","13:35:31",4991800
16.8,0.55,1000,"bu","13:35:30",4991700
16.75,0.5,200,"sd","13:35:30",4990700
16.8,0.55,2000,"bu","13:35:30",4990500
16.8,0.55,500,"bu","13:35:23",4988500
16.8,0.55,200,"bu","13:35:21",4988000
16.8,0.55,300,"bu","13:35:18",4987800
16.8,0.55,400,"bu","13:35:11",4987500
16.8,0.55,100,"bu","13:35:02",4987100
16.75,0.5,200,"sd","13:35:01",4987000
16.75,0.5,2000,"sd","13:35:00",4986800
16.8,0.55,20000,"bu","13:34:59",4984800
16.75,0.5,200,"sd","13:34:59",4964800
16.75,0.5,1500,"sd","13:34:58",4964600
16.75,0.5,900,"sd","13:34:58",4963100
16.75,0.5,500,"sd","13:34:57",4962200
16.8,0.55,15000,"bu","13:34:57",4961700
16.75,0.5,4900,"sd","13:34:56",4946700
16.8,0.55,100,"bu","13:34:56",4941800
16.75,0.5,300,"sd","13:34:55",4941700
16.8,0.55,6100,"sd","13:34:55",4941400
16.8,0.55,43000,"sd","13:34:55",4935300
16.85,0.6,800,"bu","13:34:53",4892300
16.8,0.55,3100,"sd","13:34:53",4891500
16.85,0.6,1000,"bu","13:34:53",4888400
16.8,0.55,30000,"sd","13:34:53",4887400
16.8,0.55,400,"sd","13:34:52",4857400
16.8,0.55,4000,"sd","13:34:51",4857000
16.8,0.55,100,"sd","13:34:50",4853000
16.8,0.55,100,"sd","13:34:48",4852900
16.8,0.55,1000,"sd","13:34:47",4852800
16.8,0.55,10900,"sd","13:34:47",4851800
16.8,0.55,100,"sd","13:34:45",4840900
16.8,0.55,200,"sd","13:34:43",4840800
16.85,0.6,200,"bu","13:34:42",4840600
16.8,0.55,900,"sd","13:34:37",4840400
16.8,0.55,100,"sd","13:34:36",4839500
16.8,0.55,1000,"sd","13:34:35",4839400
16.8,0.55,300,"sd","13:34:34",4838400
16.85,0.6,2900,"bu","13:34:33",4838100
16.8,0.55,1000,"sd","13:34:33",4835200
16.8,0.55,10000,"sd","13:34:32",4834200
16.8,0.55,600,"sd","13:34:31",4824200
16.8,0.55,100,"sd","13:34:30",4823600
16.85,0.6,6500,"bu","13:34:30",4823500
16.85,0.6,500,"bu","13:34:29",4817000
16.8,0.55,1000,"sd","13:34:29",4816500
16.8,0.55,100,"sd","13:34:26",4815500
16.85,0.6,1000,"bu","13:34:25",4815400
16.85,0.6,200,"bu","13:34:24",4814400
16.8,0.55,100,"sd","13:34:23",4814200
16.85,0.6,1500,"bu","13:34:23",4814100
16.8,0.55,100,"sd","13:34:21",4812600
16.8,0.55,100,"sd","13:34:19",4812500
16.85,0.6,1800,"bu","13:34:18",4812400
16.8,0.55,300,"sd","13:34:17",4810600
16.85,0.6,500,"bu","13:34:17",4810300
16.8,0.55,2700,"sd","13:34:17",4809800
16.8,0.55,1200,"sd","13:34:16",4807100
16.85,0.6,12000,"bu","13:34:16",4805900
16.85,0.6,100,"bu","13:34:14",4793900
16.8,0.55,400,"sd","13:34:13",4793800
16.85,0.6,1000,"bu","13:34:12",4793400
16.8,0.55,100,"sd","13:34:12",4792400
16.8,0.55,100,"sd","13:34:11",4792300
16.8,0.55,100,"sd","13:34:10",4792200
16.85,0.6,2500,"bu","13:34:10",4792100
16.8,0.55,100,"sd","13:34:08",4789600
16.8,0.55,1600,"sd","13:34:07",4789500
16.8,0.55,900,"sd","13:34:05",4787900
16.8,0.55,2200,"sd","13:34:04",4787000
16.8,0.55,100,"sd","13:34:00",4784800
16.8,0.55,600,"sd","13:33:59",4784700
16.85,0.6,6000,"bu","13:33:59",4784100
16.8,0.55,100,"sd","13:33:58",4778100
16.8,0.55,900,"sd","13:33:55",4778000
16.8,0.55,100,"sd","13:33:54",4777100
16.8,0.55,1200,"sd","13:33:53",4777000
16.8,0.55,12800,"bu","13:33:52",4775800
16.8,0.55,30000,"bu","13:33:50",4760000
16.75,0.5,300,"sd","13:33:49",4730000
16.8,0.55,3200,"bu","13:33:48",4729700
16.8,0.55,500,"bu","13:33:46",4726500
16.75,0.5,900,"sd","13:33:44",4726000
16.75,0.5,700,"sd","13:33:41",4725100
16.75,0.5,7400,"sd","13:33:40",4724400
16.8,0.55,15000,"bu","13:33:40",4717000
16.75,0.5,5000,"sd","13:33:39",4702000
16.75,0.5,54400,"sd","13:33:39",4697000
16.8,0.55,50000,"bu","13:33:38",4642600
16.75,0.5,500,"sd","13:33:36",4592600
16.8,0.55,1200,"bu","13:33:36",4592100
16.8,0.55,4000,"bu","13:33:35",4590900
16.75,0.5,900,"sd","13:33:34",4586900
16.75,0.5,400,"sd","13:33:33",4586000
16.8,0.55,300,"bu","13:33:33",4585600
16.8,0.55,2000,"bu","13:33:32",4585300
16.75,0.5,700,"sd","13:33:32",4583300
16.8,0.55,1500,"bu","13:33:32",4582600
16.75,0.5,5100,"sd","13:33:31",4581100
16.75,0.5,2000,"sd","13:33:31",4576000
16.8,0.55,1000,"bu","13:33:30",4574000
16.75,0.5,45600,"sd","13:33:30",4573000
16.8,0.55,5000,"bu","13:33:30",4527400
16.75,0.5,100,"sd","13:33:30",4522400
16.8,0.55,600,"bu","13:33:28",4522300
16.8,0.55,500,"bu","13:33:27",4521700
16.75,0.5,300,"sd","13:33:27",4521200
16.75,0.5,3000,"sd","13:33:26",4520900
16.8,0.55,30000,"bu","13:33:25",4517900
16.75,0.5,900,"sd","13:33:24",4487900
16.75,0.5,900,"sd","13:33:23",4487000
16.75,0.5,100,"sd","13:33:22",4486100
16.8,0.55,7800,"bu","13:33:22",4486000
16.75,0.5,1100,"sd","13:33:22",4478200
16.8,0.55,11000,"bu","13:33:21",4477100
16.75,0.5,100,"sd","13:33:20",4466100
16.75,0.5,1800,"sd","13:33:19",4466000
16.8,0.55,18000,"bu","13:33:19",4464200
16.8,0.55,800,"bu","13:33:15",4446200
16.75,0.5,900,"sd","13:33:14",4445400
16.75,0.5,4200,"sd","13:33:13",4444500
16.8,0.55,5000,"bu","13:33:13",4440300
16.75,0.5,900,"sd","13:33:13",4435300
16.8,0.55,22000,"bu","13:33:13",4434400
16.75,0.5,100,"sd","13:33:10",4412400
16.8,0.55,1000,"bu","13:33:09",4412300
16.75,0.5,100,"sd","13:33:09",4411300
16.8,0.55,200,"bu","13:33:05",4411200
16.75,0.5,700,"sd","13:33:03",4411000
16.8,0.55,7000,"bu","13:33:02",4410300
16.75,0.5,100,"sd","13:32:53",4403300
16.75,0.5,100,"sd","13:32:53",4403200
16.75,0.5,1000,"sd","13:32:52",4403100
16.75,0.5,100,"sd","13:32:51",4402100
16.8,0.55,200,"bu","13:32:51",4402000
16.75,0.5,1400,"bu","13:32:51",4401800
16.7,0.45,100,"sd","13:32:49",4400400
16.75,0.5,1400,"bu","13:32:48",4400300
16.7,0.45,100,"sd","13:32:48",4398900
16.7,0.45,100,"sd","13:32:44",4398800
16.75,0.5,100,"bu","13:32:44",4398700
16.75,0.5,1000,"bu","13:32:43",4398600
16.75,0.5,500,"bu","13:32:42",4397600
16.7,0.45,200,"sd","13:32:42",4397100
16.75,0.5,2000,"bu","13:32:41",4396900
16.7,0.45,100,"sd","13:32:41",4394900
16.7,0.45,700,"sd","13:32:40",4394800
16.7,0.45,1100,"sd","13:32:39",4394100
16.75,0.5,10000,"bu","13:32:38",4393000
16.7,0.45,11000,"sd","13:32:38",4383000
16.7,0.45,100,"sd","13:32:36",4372000
16.75,0.5,1000,"bu","13:32:35",4371900
16.7,0.45,100,"sd","13:32:32",4370900
16.7,0.45,900,"sd","13:32:31",4370800
16.75,0.5,1000,"bu","13:32:31",4369900
16.7,0.45,100,"sd","13:32:27",4368900
16.7,0.45,1800,"sd","13:32:26",4368800
16.75,0.5,15000,"bu","13:32:25",4367000
16.7,0.45,500,"sd","13:32:25",4352000
16.75,0.5,600,"bu","13:32:23",4351500
16.7,0.45,200,"sd","13:32:23",4350900
16.7,0.45,100,"sd","13:32:22",4350700
16.7,0.45,1000,"sd","13:32:21",4350600
16.7,0.45,100,"sd","13:32:17",4349600
16.7,0.45,1300,"sd","13:32:16",4349500
16.7,0.45,10000,"sd","13:32:16",4348200
16.7,0.45,3200,"bu","13:32:15",4338200
16.65,0.4,500,"sd","13:32:14",4335000
16.7,0.45,5700,"bu","13:32:13",4334500
16.65,0.4,100,"sd","13:32:11",4328800
16.7,0.45,1000,"bu","13:32:10",4328700
16.7,0.45,500,"bu","13:32:09",4327700
16.65,0.4,600,"sd","13:32:05",4327200
16.7,0.45,5800,"bu","13:32:05",4326600
16.65,0.4,300,"sd","13:32:04",4320800
16.65,0.4,3700,"sd","13:32:03",4320500
16.7,0.45,1200,"bu","13:32:03",4316800
16.7,0.45,35000,"bu","13:32:02",4315600
16.65,0.4,800,"sd","13:32:02",4280600
16.65,0.4,100,"sd","13:32:01",4279800
16.65,0.4,1100,"sd","13:32:00",4279700
16.65,0.4,900,"sd","13:32:00",4278600
16.65,0.4,10100,"sd","13:31:59",4277700
16.65,0.4,200,"sd","13:31:57",4267600
16.7,0.45,2000,"bu","13:31:56",4267400
16.65,0.4,100,"sd","13:31:54",4265400
16.7,0.45,1900,"bu","13:31:54",4265300
16.7,0.45,700,"bu","13:31:52",4263400
16.7,0.45,200,"bu","13:31:50",4262700
16.65,0.4,200,"sd","13:31:49",4262500
16.7,0.45,2300,"bu","13:31:48",4262300
16.65,0.4,600,"sd","13:31:47",4260000
16.7,0.45,6100,"bu","13:31:46",4259400
16.65,0.4,100,"sd","13:31:44",4253300
16.7,0.45,1500,"bu","13:31:43",4253200
16.65,0.4,400,"sd","13:31:42",4251700
16.7,0.45,2000,"bu","13:31:41",4251300
16.65,0.4,2100,"sd","13:31:41",4249300
16.65,0.4,100,"sd","13:31:40",4247200
16.65,0.4,1100,"sd","13:31:39",4247100
16.65,0.4,2000,"sd","13:31:38",4246000
16.65,0.4,100,"sd","13:31:33",4244000
16.65,0.4,1200,"sd","13:31:32",4243900
16.65,0.4,400,"sd","13:31:30",4242700
16.65,0.4,4800,"bu","13:31:29",4242300
16.65,0.4,600,"bu","13:31:28",4237500
16.6,0.35,100,"sd","13:31:27",4236900
16.65,0.4,1600,"bu","13:31:26",4236800
16.65,0.4,500,"bu","13:31:25",4235200
16.6,0.35,200,"sd","13:31:24",4234700
16.65,0.4,2200,"bu","13:31:24",4234500
16.6,0.35,300,"sd","13:31:23",4232300
16.6,0.35,300,"sd","13:31:22",4232000
16.65,0.4,3000,"bu","13:31:22",4231700
16.6,0.35,3100,"sd","13:31:21",4228700
16.65,0.4,30000,"bu","13:31:21",4225600
16.65,0.4,1500,"bu","13:31:20",4195600
16.6,0.35,600,"sd","13:31:19",4194100
16.65,0.4,5000,"bu","13:31:19",4193500
16.6,0.35,1300,"sd","13:31:18",4188500
16.6,0.35,1300,"sd","13:31:17",4187200
16.65,0.4,13000,"bu","13:31:16",4185900
16.6,0.35,300,"sd","13:31:15",4172900
16.6,0.35,600,"sd","13:31:14",4172600
16.6,0.35,500,"sd","13:31:12",4172000
16.65,0.4,5000,"bu","13:31:11",4171500
16.6,0.35,100,"sd","13:31:11",4166500
16.65,0.4,1000,"bu","13:31:10",4166400
16.6,0.35,100,"sd","13:31:09",4165400
16.6,0.35,2000,"sd","13:31:08",4165300
16.6,0.35,10200,"sd","13:31:07",4163300
16.6,0.35,2500,"sd","13:31:06",4153100
16.6,0.35,200,"sd","13:31:05",4150600
16.65,0.4,25000,"bu","13:31:05",4150400
16.6,0.35,2200,"sd","13:31:04",4125400
16.6,0.35,200,"bu","13:31:03",4123200
16.55,0.3,1400,"sd","13:31:03",4123000
16.6,0.35,25100,"bu","13:31:03",4121600
16.55,0.3,5000,"sd","13:31:02",4096500
16.6,0.35,5000,"bu","13:31:02",4091500
16.6,0.35,50100,"bu","13:31:01",4086500
16.6,0.35,500,"bu","13:31:00",4036400
16.6,0.35,100,"bu","13:30:59",4035900
16.55,0.3,900,"sd","13:30:58",4035800
16.55,0.3,700,"sd","13:30:56",4034900
16.6,0.35,1300,"bu","13:30:55",4034200
16.55,0.3,200,"sd","13:30:54",4032900
16.6,0.35,6100,"bu","13:30:54",4032700
16.6,0.35,2000,"bu","13:30:53",4026600
16.55,0.3,300,"sd","13:30:51",4024600
16.6,0.35,3800,"bu","13:30:50",4024300
16.55,0.3,400,"sd","13:30:48",4020500
16.6,0.35,1500,"bu","13:30:48",4020100
16.6,0.35,1000,"bu","13:30:47",4018600
16.55,0.3,1000,"sd","13:30:47",4017600
16.55,0.3,1000,"sd","13:30:47",4016600
16.6,0.35,1300,"bu","13:30:46",4015600
16.55,0.3,100,"sd","13:30:44",4014300
16.55,0.3,1000,"sd","13:30:43",4014200
16.6,0.35,5000,"bu","13:30:42",4013200
16.55,0.3,5000,"sd","13:30:42",4008200
16.6,0.35,50000,"bu","13:30:41",4003200
16.55,0.3,800,"sd","13:30:41",3953200
16.6,0.35,6000,"bu","13:30:41",3952400
16.6,0.35,2000,"bu","13:30:40",3946400
16.55,0.3,300,"sd","13:30:40",3944400
16.6,0.35,3100,"bu","13:30:39",3944100
16.55,0.3,100,"sd","13:30:37",3941000
16.6,0.35,500,"bu","13:30:37",3940900
16.55,0.3,400,"sd","13:30:36",3940400
16.55,0.3,900,"sd","13:30:36",3940000
16.6,0.35,4100,"bu","13:30:36",3939100
16.55,0.3,200,"sd","13:30:35",3935000
16.55,0.3,500,"sd","13:30:32",3934800
16.6,0.35,5000,"bu","13:30:32",3934300
16.55,0.3,200,"sd","13:30:31",3929300
16.55,0.3,2100,"sd","13:30:30",3929100
16.6,0.35,21800,"bu","13:30:30",3927000
16.55,0.3,900,"sd","13:30:26",3905200
16.55,0.3,600,"sd","13:30:24",3904300
16.5,0.25,100,"sd","13:30:23",3903700
16.55,0.3,5000,"bu","13:30:23",3903600
16.55,0.3,300,"bu","13:30:23",3898600
16.55,0.3,2000,"bu","13:30:22",3898300
16.5,0.25,2100,"sd","13:30:22",3896300
16.55,0.3,2000,"bu","13:30:22",3894200
16.55,0.3,10000,"bu","13:30:22",3892200
16.55,0.3,100,"bu","13:30:21",3882200
16.5,0.25,200,"sd","13:30:21",3882100
16.55,0.3,11000,"bu","13:30:21",3881900
16.55,0.3,2000,"bu","13:30:20",3870900
16.5,0.25,700,"sd","13:30:20",3868900
16.5,0.25,800,"sd","13:30:19",3868200
16.55,0.3,2000,"bu","13:30:19",3867400
16.55,0.3,6000,"bu","13:30:19",3865400
16.55,0.3,600,"bu","13:30:18",3859400
16.5,0.25,200,"sd","13:30:18",3858800
16.55,0.3,6800,"bu","13:30:18",3858600
16.55,0.3,500,"bu","13:30:18",3851800
16.55,0.3,2000,"bu","13:30:17",3851300
16.5,0.25,100,"sd","13:30:17",3849300
16.55,0.3,100,"bu","13:30:17",3849200
16.5,0.25,1000,"sd","13:30:16",3849100
16.55,0.3,8300,"bu","13:30:16",3848100
16.5,0.25,1500,"sd","13:30:15",3839800
16.5,0.25,900,"sd","13:30:15",3838300
16.55,0.3,7400,"bu","13:30:15",3837400
16.5,0.25,1000,"sd","13:30:14",3830000
16.55,0.3,7400,"bu","13:30:14",3829000
16.55,0.3,500,"bu","13:30:14",3821600
16.55,0.3,6500,"bu","13:30:13",3821100
16.5,0.25,400,"sd","13:30:13",3814600
16.55,0.3,3100,"bu","13:30:13",3814200
16.55,0.3,400,"bu","13:30:13",3811100
16.5,0.25,1100,"sd","13:30:12",3810700
16.55,0.3,3400,"bu","13:30:12",3809600
16.55,0.3,400,"bu","13:30:11",3806200
16.5,0.25,1000,"sd","13:30:11",3805800
16.55,0.3,10400,"bu","13:30:11",3804800
16.55,0.3,10000,"bu","13:30:10",3794400
16.5,0.25,100,"sd","13:30:10",3784400
16.5,0.25,1200,"sd","13:30:09",3784300
16.55,0.3,6000,"bu","13:30:09",3783100
16.55,0.3,5000,"bu","13:30:08",3777100
16.5,0.25,600,"sd","13:30:08",3772100
16.55,0.3,1000,"bu","13:30:08",3771500
16.55,0.3,5400,"bu","13:30:07",3770500
16.55,0.3,800,"bu","13:30:07",3764700
16.55,0.3,2000,"bu","13:30:06",3763900
16.5,0.25,2100,"sd","13:30:06",3761900
16.55,0.3,20000,"bu","13:30:06",3759800
16.5,0.25,2000,"sd","13:30:05",3739800
16.55,0.3,10000,"bu","13:30:04",3737800
16.5,0.25,200,"sd","13:30:04",3727800
16.5,0.25,900,"sd","13:30:03",3727600
16.55,0.3,2000,"bu","13:30:03",3726700
16.5,0.25,3100,"sd","13:30:02",3724700
16.55,0.3,6000,"bu","13:30:02",3721600
16.55,0.3,1900,"bu","13:30:02",3715600
16.55,0.3,9000,"bu","13:30:01",3713700
16.5,0.25,100,"sd","13:30:01",3704700
16.55,0.3,20100,"bu","13:30:01",3704600
16.55,0.3,1000,"bu","13:30:00",3684500
16.5,0.25,500,"sd","13:29:59",3683500
16.55,0.3,2000,"bu","13:29:58",3683000
16.5,0.25,3300,"sd","13:29:58",3681000
16.55,0.3,32000,"bu","13:29:58",3677700
16.55,0.3,1100,"bu","13:29:56",3645500
16.5,0.25,100,"sd","13:29:56",3644400
16.55,0.3,100,"bu","13:29:56",3644300
16.55,0.3,100,"bu","13:29:55",3644200
16.5,0.25,1800,"sd","13:29:55",3644100
16.5,0.25,3200,"sd","13:29:54",3637300
16.55,0.3,100,"bu","13:29:54",3634100
16.55,0.3,30000,"bu","13:29:53",3634000
16.5,0.25,2400,"sd","13:29:53",3604000
16.55,0.3,19200,"bu","13:29:53",3601600
16.55,0.3,5000,"bu","13:29:52",3582400
16.55,0.3,300,"bu","13:29:49",3577400
16.5,0.25,300,"sd","13:29:47",3577100
16.55,0.3,3000,"bu","13:29:46",3576800
16.5,0.25,1100,"sd","13:29:44",3573800
16.5,0.25,100,"sd","13:29:41",3572700
16.5,0.25,1600,"sd","13:29:40",3572600
16.55,0.3,11000,"bu","13:29:40",3571000
16.55,0.3,5000,"bu","13:29:39",3560000
16.5,0.25,900,"sd","13:29:34",3555000
16.5,0.25,100,"sd","13:29:32",3554100
16.5,0.25,1300,"sd","13:29:31",3554000
16.5,0.25,100,"sd","13:29:30",3552700
16.5,0.25,13300,"sd","13:29:30",3552600
16.5,0.25,133000,"bu","13:29:29",3539300
16.5,0.25,2000,"bu","13:29:28",3406300
16.5,0.25,1000,"bu","13:29:28",3404300
16.45,0.2,100,"sd","13:29:28",3403300
16.45,0.2,1100,"sd","13:29:27",3403200
16.5,0.25,10200,"bu","13:29:26",3402100
16.45,0.2,1000,"sd","13:29:26",3391900
16.5,0.25,10000,"bu","13:29:25",3390900
16.5,0.25,500,"bu","13:29:22",3380900
16.45,0.2,600,"sd","13:29:20",3380400
16.5,0.25,6500,"bu","13:29:19",3379800
16.45,0.2,300,"sd","13:29:13",3373300
16.5,0.25,3500,"bu","13:29:12",3373000
16.45,0.2,300,"sd","13:29:02",3369500
16.45,0.2,900,"sd","13:29:02",3369200
16.5,0.25,2000,"bu","13:29:02",3368300
16.45,0.2,100,"sd","13:29:01",3366300
16.5,0.25,1200,"bu","13:29:01",3366200
16.5,0.25,500,"bu","13:29:00",3365000
16.5,0.25,200,"bu","13:28:59",3364500
16.45,0.2,300,"sd","13:28:58",3364300
16.5,0.25,3000,"bu","13:28:58",3364000
16.45,0.2,400,"sd","13:28:57",3361000
16.5,0.25,4000,"bu","13:28:57",3360600
16.45,0.2,100,"sd","13:28:52",3356600
16.45,0.2,900,"sd","13:28:52",3356500
16.45,0.2,200,"sd","13:28:51",3355600
16.5,0.25,2500,"bu","13:28:51",3355400
16.5,0.25,100,"bu","13:28:49",3352900
16.45,0.2,100,"sd","13:28:49",3352800
16.5,0.25,1000,"bu","13:28:48",3352700
16.45,0.2,300,"sd","13:28:46",3351700
16.5,0.25,2000,"bu","13:28:44",3351400
16.45,0.2,1900,"sd","13:28:44",3349400
16.5,0.25,500,"bu","13:28:44",3347500
16.45,0.2,200,"sd","13:28:43",3347000
16.5,0.25,18600,"bu","13:28:43",3346800
16.5,0.25,2000,"bu","13:28:43",3328200
16.45,0.2,900,"sd","13:28:41",3326200
16.45,0.2,300,"sd","13:28:39",3325300
16.5,0.25,3000,"bu","13:28:39",3325000
16.5,0.25,900,"bu","13:28:38",3322000
16.45,0.2,900,"sd","13:28:31",3321100
16.45,0.2,300,"sd","13:28:27",3320200
16.45,0.2,3000,"sd","13:28:26",3319900
16.5,0.25,30000,"bu","13:28:26",3316900
16.45,0.2,200,"sd","13:28:23",3286900
16.5,0.25,2800,"bu","13:28:23",3286700
16.45,0.2,900,"sd","13:28:20",3283900
16.45,0.2,100,"sd","13:28:11",3283000
16.45,0.2,1000,"sd","13:28:10",3282900
16.5,0.25,10600,"bu","13:28:09",3281900
16.45,0.2,200,"sd","13:28:07",3271300
16.5,0.25,2000,"bu","13:28:07",3271100
16.4,0.15,200,"sd","13:27:45",3269100
16.4,0.15,2600,"sd","13:27:44",3268900
16.4,0.15,10000,"sd","13:27:43",3266300
16.5,0.25,16300,"bu","13:27:43",3256300
16.4,0.15,10300,"sd","13:27:43",3240000
16.4,0.15,58600,"sd","13:27:42",3229700
16.45,0.2,31100,"sd","13:27:42",3171100
16.45,0.2,100,"sd","13:27:36",3140000
16.5,0.25,1000,"bu","13:27:36",3139900
16.45,0.2,500,"sd","13:27:35",3138900
16.45,0.2,5100,"sd","13:27:34",3138400
16.45,0.2,6900,"sd","13:27:33",3133300
16.4,0.15,97000,"sd","13:27:33",3126400
16.45,0.2,3000,"sd","13:27:33",3029400
16.45,0.2,14000,"bu","13:27:32",3026400
16.4,0.15,100,"sd","13:27:32",3012400
16.45,0.2,600,"bu","13:27:31",3012300
16.4,0.15,700,"sd","13:27:31",3011700
16.4,0.15,300,"sd","13:27:29",3011000
16.45,0.2,3000,"bu","13:27:29",3010700
16.4,0.15,200,"sd","13:27:26",3007700
16.4,0.15,2000,"sd","13:27:25",3007500
16.45,0.2,20000,"bu","13:27:24",3005500
16.4,0.15,100,"sd","13:27:21",2985500
16.45,0.2,800,"bu","13:27:21",2985400
16.4,0.15,1100,"sd","13:27:20",2984600
16.4,0.15,11100,"sd","13:27:19",2983500
16.45,0.2,111800,"bu","13:27:18",2972400
16.4,0.15,200,"sd","13:27:15",2860600
16.45,0.2,2000,"bu","13:27:14",2860400
16.4,0.15,400,"sd","13:27:13",2858400
16.4,0.15,4300,"sd","13:27:12",2858000
16.4,0.15,100,"sd","13:27:11",2853700
16.45,0.2,42900,"bu","13:27:11",2853600
16.4,0.15,1000,"sd","13:27:10",2810700
16.45,0.2,10000,"bu","13:27:10",2809700
16.45,0.2,100,"bu","13:27:08",2799700
16.4,0.15,300,"sd","13:27:05",2799600
16.45,0.2,3000,"bu","13:27:04",2799300
16.4,0.15,700,"sd","13:27:00",2796300
16.45,0.2,7000,"bu","13:26:59",2795600
16.4,0.15,400,"sd","13:26:57",2788600
16.4,0.15,200,"sd","13:26:37",2788200
16.45,0.2,2000,"bu","13:26:36",2788000
16.4,0.15,200,"sd","13:26:36",2786000
16.4,0.15,2000,"sd","13:26:35",2785800
16.45,0.2,20000,"bu","13:26:35",2783800
16.4,0.15,100,"sd","13:26:24",2763800
16.4,0.15,700,"sd","13:26:23",2763700
16.4,0.15,600,"sd","13:26:19",2763000
16.4,0.15,6900,"bu","13:26:18",2762400
16.35,0.1,200,"sd","13:26:17",2755500
16.4,0.15,2500,"bu","13:26:17",2755300
16.35,0.1,900,"sd","13:26:15",2752800
16.35,0.1,400,"sd","13:26:14",2751900
16.4,0.15,9000,"bu","13:26:14",2751500
16.4,0.15,4000,"bu","13:26:13",2742500
16.35,0.1,300,"sd","13:26:11",2738500
16.4,0.15,3200,"bu","13:26:10",2738200
16.35,0.1,400,"sd","13:26:10",2735000
16.4,0.15,3000,"bu","13:26:09",2734600
16.35,0.1,1700,"sd","13:26:09",2731600
16.35,0.1,2600,"sd","13:26:08",2729900
16.4,0.15,40000,"bu","13:26:08",2727300
16.4,0.15,1000,"bu","13:26:07",2687300
16.35,0.1,900,"sd","13:26:06",2686300
16.4,0.15,4000,"bu","13:26:05",2685400
16.35,0.1,5800,"sd","13:26:05",2681400
16.4,0.15,58000,"bu","13:26:04",2675600
16.35,0.1,100,"sd","13:26:04",2617600
16.35,0.1,1600,"sd","13:26:03",2617500
16.4,0.15,15000,"bu","13:26:02",2615900
16.35,0.1,1100,"sd","13:26:02",2600900
16.4,0.15,11600,"bu","13:26:01",2599800
16.35,0.1,200,"sd","13:25:59",2588200
16.35,0.1,2000,"sd","13:25:58",2588000
16.4,0.15,19500,"bu","13:25:58",2586000
16.35,0.1,500,"sd","13:25:57",2566500
16.35,0.1,5000,"sd","13:25:56",2566000
16.4,0.15,50000,"bu","13:25:55",2561000
16.35,0.1,200,"sd","13:25:49",2511000
16.35,0.1,2600,"sd","13:25:48",2510800
16.4,0.15,26200,"bu","13:25:47",2508200
16.35,0.1,500,"sd","13:25:46",2482000
16.4,0.15,5000,"bu","13:25:45",2481500
16.35,0.1,100,"sd","13:25:40",2476500
16.35,0.1,1100,"sd","13:25:39",2476400
16.35,0.1,500,"sd","13:25:31",2475300
16.35,0.1,5000,"sd","13:25:30",2474800
16.4,0.15,50000,"bu","13:25:29",2469800
16.35,0.1,100,"sd","13:25:26",2419800
16.35,0.1,1500,"sd","13:25:24",2419700
16.4,0.15,15000,"bu","13:25:23",2418200
16.35,0.1,700,"sd","13:25:16",2403200
16.35,0.1,100,"sd","13:25:07",2402500
16.4,0.15,100,"bu","13:25:04",2402400
16.35,0.1,500,"sd","13:24:29",2402300
16.4,0.15,5000,"bu","13:24:28",2401800
16.35,0.1,800,"sd","13:24:08",2396800
16.3,0.05,100,"sd","13:23:19",2396000
16.35,0.1,100,"sd","13:23:19",2395900
16.35,0.1,2000,"sd","13:23:18",2395800
16.35,0.1,200,"sd","13:23:17",2393800
16.35,0.1,2000,"sd","13:23:16",2393600
16.35,0.1,20000,"sd","13:23:15",2391600
16.35,0.1,200,"sd","13:23:11",2371600
16.35,0.1,2000,"sd","13:23:10",2371400
16.35,0.1,400,"bu","13:23:03",2369400
16.3,0.05,700,"sd","13:23:01",2369000
16.3,0.05,200,"sd","13:22:59",2368300
16.3,0.05,2000,"sd","13:22:58",2368100
16.35,0.1,20000,"bu","13:22:57",2366100
16.35,0.1,100,"bu","13:22:41",2346100
16.35,0.1,500,"bu","13:22:40",2346000
16.3,0.05,300,"sd","13:22:37",2345500
16.3,0.05,3100,"sd","13:22:36",2345200
16.3,0.05,500,"sd","13:21:56",2342100
16.3,0.05,800,"sd","13:21:53",2341600
16.3,0.05,800,"sd","13:20:46",2340800
16.3,0.05,300,"sd","13:20:04",2340000
16.3,0.05,3800,"sd","13:20:03",2339700
16.35,0.1,38500,"sd","13:20:02",2335900
16.35,0.1,300,"sd","13:19:54",2297400
16.35,0.1,700,"sd","13:19:38",2297100
16.35,0.1,100,"sd","13:19:00",2296400
16.35,0.1,100,"sd","13:18:40",2296300
16.35,0.1,900,"sd","13:18:30",2296200
16.35,0.1,100,"sd","13:18:26",2295300
16.35,0.1,100,"sd","13:18:21",2295200
16.35,0.1,15200,"bu","13:18:20",2295100
16.3,0.05,900,"sd","13:18:19",2279900
16.35,0.1,9400,"sd","13:18:19",2279000
16.35,0.1,300,"sd","13:18:15",2269600
16.35,0.1,3000,"sd","13:18:14",2269300
16.35,0.1,4400,"sd","13:17:57",2266300
16.35,0.1,100,"sd","13:17:55",2261900
16.35,0.1,12800,"bu","13:17:54",2261800
16.3,0.05,300,"sd","13:17:33",2249000
16.35,0.1,200,"sd","13:17:33",2248700
16.35,0.1,5100,"sd","13:17:33",2248500
16.35,0.1,500,"sd","13:17:30",2243400
16.35,0.1,5000,"sd","13:17:30",2242900
16.35,0.1,500,"sd","13:17:27",2237900
16.35,0.1,5000,"sd","13:17:26",2237400
16.35,0.1,50000,"sd","13:17:25",2232400
16.35,0.1,700,"sd","13:17:23",2182400
16.35,0.1,500,"sd","13:17:21",2181700
16.35,0.1,5000,"sd","13:17:20",2181200
16.35,0.1,400,"sd","13:17:10",2176200
16.35,0.1,500,"sd","13:16:38",2175800
16.35,0.1,5000,"sd","13:16:37",2175300
16.35,0.1,100,"sd","13:16:19",2170300
16.35,0.1,800,"sd","13:16:15",2170200
16.35,0.1,4100,"sd","13:15:35",2169400
16.35,0.1,800,"sd","13:15:31",2165300
16.35,0.1,300,"sd","13:15:30",2164500
16.35,0.1,500,"sd","13:15:11",2164200
16.4,0.15,5000,"bu","13:15:09",2163700
16.35,0.1,300,"sd","13:15:08",2158700
16.4,0.15,3700,"bu","13:15:07",2158400
16.35,0.1,200,"sd","13:14:52",2154700
16.35,0.1,2000,"sd","13:14:51",2154500
16.35,0.1,100,"sd","13:14:12",2152500
16.4,0.15,1000,"bu","13:14:12",2152400
16.35,0.1,900,"sd","13:14:09",2151400
16.35,0.1,100,"sd","13:14:01",2150500
16.35,0.1,600,"sd","13:14:00",2150400
16.4,0.15,300,"bu","13:14:00",2149800
16.35,0.1,200,"sd","13:13:48",2149500
16.35,0.1,400,"sd","13:13:41",2149300
16.35,0.1,300,"sd","13:13:37",2148900
16.35,0.1,400,"sd","13:13:36",2148600
16.35,0.1,200,"sd","13:13:33",2148200
16.35,0.1,300,"sd","13:13:31",2148000
16.35,0.1,400,"sd","13:13:28",2147700
16.35,0.1,200,"sd","13:13:20",2147300
16.35,0.1,400,"sd","13:13:17",2147100
16.35,0.1,100,"sd","13:13:14",2146700
16.35,0.1,300,"sd","13:13:13",2146600
16.35,0.1,100,"sd","13:13:10",2146300
16.35,0.1,300,"sd","13:13:09",2146200
16.35,0.1,3500,"sd","13:13:08",2145900
16.35,0.1,200,"sd","13:13:07",2142400
16.35,0.1,600,"sd","13:12:56",2142200
16.35,0.1,400,"sd","13:12:53",2141600
16.35,0.1,800,"sd","13:12:52",2141200
16.35,0.1,300,"sd","13:12:51",2140400
16.35,0.1,100,"sd","13:12:49",2140100
16.35,0.1,200,"sd","13:12:47",2140000
16.35,0.1,300,"sd","13:12:43",2139800
16.35,0.1,100,"sd","13:12:41",2139500
16.35,0.1,1000,"sd","13:12:40",2139400
16.35,0.1,400,"sd","13:12:38",2138400
16.35,0.1,200,"sd","13:12:36",2138000
16.35,0.1,400,"sd","13:12:34",2137800
16.35,0.1,300,"sd","13:12:32",2137400
16.35,0.1,400,"sd","13:12:29",2137100
16.35,0.1,500,"sd","13:12:27",2136700
16.35,0.1,400,"sd","13:12:25",2136200
16.35,0.1,200,"sd","13:12:22",2135800
16.35,0.1,400,"sd","13:12:19",2135600
16.35,0.1,200,"sd","13:12:17",2135200
16.35,0.1,200,"sd","13:12:16",2135000
16.35,0.1,300,"sd","13:12:15",2134800
16.35,0.1,2000,"sd","13:12:15",2134500
16.35,0.1,200,"sd","13:12:14",2132500
16.4,0.15,100,"bu","13:12:13",2132300
16.35,0.1,400,"sd","13:12:12",2132200
16.35,0.1,300,"sd","13:12:10",2131800
16.35,0.1,200,"sd","13:11:55",2131500
16.35,0.1,100,"sd","13:11:55",2131300
16.35,0.1,700,"sd","13:11:45",2131200
16.35,0.1,100,"sd","13:11:29",2130500
16.4,0.15,1000,"bu","13:11:29",2130400
16.4,0.15,100,"bu","13:11:12",2129400
16.35,0.1,100,"sd","13:11:08",2129300
16.35,0.1,1000,"sd","13:11:08",2129200
16.4,0.15,100,"bu","13:11:02",2128200
16.35,0.1,100,"sd","13:10:51",2128100
16.35,0.1,1000,"sd","13:10:50",2128000
16.35,0.1,800,"sd","13:10:37",2127000
16.35,0.1,100,"sd","13:10:05",2126200
16.35,0.1,100,"sd","13:09:55",2126100
16.35,0.1,1000,"sd","13:09:54",2126000
16.35,0.1,800,"sd","13:09:29",2125000
16.35,0.1,400,"sd","13:09:16",2124200
16.35,0.1,100,"sd","13:09:12",2123800
16.35,0.1,1000,"sd","13:09:11",2123700
16.35,0.1,100,"sd","13:09:03",2122700
16.35,0.1,1000,"sd","13:09:02",2122600
16.35,0.1,300,"sd","13:09:00",2121600
16.35,0.1,300,"sd","13:08:51",2121300
16.35,0.1,3000,"sd","13:08:50",2121000
16.35,0.1,100,"sd","13:08:47",2118000
16.35,0.1,300,"sd","13:08:45",2117900
16.35,0.1,3700,"sd","13:08:44",2117600
16.35,0.1,36300,"bu","13:08:43",2113900
16.3,0.05,1000,"sd","13:08:43",2077600
16.35,0.1,10000,"bu","13:08:43",2076600
16.3,0.05,100,"sd","13:08:38",2066600
16.3,0.05,1000,"sd","13:08:37",2066500
16.35,0.1,8100,"bu","13:08:37",2065500
16.35,0.1,1900,"bu","13:08:36",2057400
16.35,0.1,200,"bu","13:08:32",2055500
16.35,0.1,100,"bu","13:07:44",2055300
16.3,0.05,500,"sd","13:07:42",2055200
16.35,0.1,5000,"bu","13:07:37",2054700
16.3,0.05,800,"sd","13:07:14",2049700
16.3,0.05,500,"sd","13:07:12",2048900
16.35,0.1,5000,"bu","13:07:12",2048400
16.3,0.05,500,"sd","13:07:00",2043400
16.3,0.05,5000,"sd","13:06:59",2042900
16.3,0.05,100,"sd","13:06:57",2037900
16.35,0.1,200,"bu","13:06:45",2037800
16.3,0.05,400,"sd","13:06:38",2037600
16.3,0.05,4400,"sd","13:06:37",2037200
16.35,0.1,44000,"bu","13:06:36",2032800
16.3,0.05,100,"sd","13:06:19",1988800
16.3,0.05,1000,"sd","13:06:18",1988700
16.3,0.05,700,"sd","13:06:07",1987700
16.3,0.05,400,"sd","13:06:05",1987000
16.3,0.05,4000,"sd","13:06:04",1986600
16.3,0.05,100,"sd","13:04:59",1982600
16.3,0.05,700,"sd","13:04:58",1982500
16.3,0.05,100,"sd","13:04:27",1981800
16.3,0.05,100,"sd","13:03:59",1981700
16.3,0.05,1400,"sd","13:03:58",1981600
16.3,0.05,14300,"sd","13:03:58",1980200
16.35,0.1,800,"bu","13:03:25",1965900
16.35,0.1,500,"bu","13:02:38",1965100
16.35,0.1,100,"bu","13:02:20",1964600
16.3,0.05,200,"sd","13:01:53",1964500
16.3,0.05,100,"sd","13:01:48",1964300
16.3,0.05,1600,"sd","13:01:48",1964200
16.3,0.05,800,"sd","13:01:36",1962600
16.3,0.05,100,"sd","13:01:06",1961800
16.35,0.1,200,"bu","13:01:01",1961700
16.3,0.05,200,"sd","13:00:35",1961500
16.35,0.1,2000,"bu","13:00:34",1961300
16.3,0.05,200,"sd","13:00:34",1959300
16.3,0.05,500,"sd","13:00:29",1959100
16.3,0.05,5000,"sd","13:00:28",1958600
16.35,0.1,300,"bu","13:00:28",1953600
16.3,0.05,400,"sd","13:00:27",1953300
16.3,0.05,1000,"sd","13:00:26",1952900
16.3,0.05,300,"sd","13:00:24",1951900
16.3,0.05,600,"sd","13:00:23",1951600
16.3,0.05,6800,"sd","13:00:23",1951000
16.3,0.05,200,"sd","13:00:21",1944200
16.3,0.05,2000,"sd","13:00:20",1944000
16.3,0.05,500,"sd","13:00:19",1942000
16.3,0.05,4000,"sd","13:00:18",1941500
16.35,0.1,40000,"bu","13:00:18",1937500
16.3,0.05,100,"sd","13:00:17",1897500
16.3,0.05,1000,"sd","13:00:16",1897400
16.3,0.05,10800,"sd","13:00:15",1896400
16.3,0.05,500,"sd","13:00:12",1885600
16.3,0.05,200,"sd","13:00:07",1885100
16.3,0.05,2200,"sd","13:00:06",1884900
16.3,0.05,100,"sd","13:00:05",1882700
16.3,0.05,400,"sd","13:00:04",1882600
16.35,0.1,100,"bu","13:00:04",1882200
16.3,0.05,600,"sd","13:00:03",1882100
16.3,0.05,100,"sd","13:00:02",1881500
16.35,0.1,100,"bu","13:00:02",1881400
16.3,0.05,400,"sd","13:00:02",1881300
16.35,0.1,200,"bu","13:00:02",1880900
16.3,0.05,200,"sd","13:00:01",1880700
16.3,0.05,1300,"sd","13:00:00",1880500
16.3,0.05,800,"sd","11:29:21",1879200
16.3,0.05,800,"sd","11:28:12",1878400
16.3,0.05,300,"sd","11:28:11",1877600
16.3,0.05,300,"sd","11:27:46",1877300
16.3,0.05,3000,"sd","11:27:46",1877000
16.35,0.1,2400,"bu","11:27:45",1874000
16.35,0.1,27600,"bu","11:27:44",1871600
16.3,0.05,100,"sd","11:27:39",1844000
16.3,0.05,8800,"sd","11:27:28",1843900
16.3,0.05,80300,"sd","11:27:27",1835100
16.3,0.05,200,"sd","11:27:23",1754800
16.3,0.05,100,"sd","11:27:16",1754600
16.3,0.05,1000,"sd","11:27:14",1754500
16.3,0.05,800,"sd","11:27:05",1753500
16.3,0.05,800,"sd","11:25:57",1752700
16.3,0.05,700,"sd","11:24:50",1751900
16.3,0.05,100,"sd","11:24:08",1751200
16.3,0.05,800,"sd","11:23:42",1751100
16.3,0.05,200,"sd","11:23:36",1750300
16.35,0.1,2000,"bu","11:23:35",1750100
16.3,0.05,500,"sd","11:22:38",1748100
16.3,0.05,5200,"sd","11:22:36",1747600
16.3,0.05,700,"sd","11:22:34",1742400
16.3,0.05,100,"sd","11:22:20",1741700
16.35,0.1,1000,"bu","11:22:19",1741600
16.3,0.05,800,"sd","11:21:27",1740600
16.3,0.05,100,"sd","11:21:04",1739800
16.3,0.05,1000,"sd","11:21:03",1739700
16.3,0.05,10000,"sd","11:21:02",1738700
16.3,0.05,1100,"sd","11:20:56",1728700
16.3,0.05,700,"sd","11:20:48",1727600
16.3,0.05,4900,"sd","11:20:47",1726900
16.35,0.1,3000,"bu","11:20:47",1722000
16.3,0.05,100,"sd","11:20:25",1719000
16.3,0.05,1000,"sd","11:20:24",1718900
16.3,0.05,10000,"sd","11:20:22",1717900
16.3,0.05,900,"sd","11:20:19",1707900
16.3,0.05,200,"sd","11:20:10",1707000
16.3,0.05,500,"sd","11:20:05",1706800
16.3,0.05,700,"sd","11:19:11",1706300
16.3,0.05,100,"sd","11:18:32",1705600
16.3,0.05,1000,"sd","11:18:31",1705500
16.3,0.05,10000,"sd","11:18:30",1704500
16.3,0.05,200,"sd","11:18:19",1694500
16.3,0.05,800,"sd","11:18:04",1694300
16.3,0.05,200,"sd","11:17:51",1693500
16.3,0.05,700,"sd","11:16:56",1693300
16.3,0.05,300,"sd","11:16:32",1692600
16.3,0.05,3000,"sd","11:16:31",1692300
16.3,0.05,100,"sd","11:15:49",1689300
16.3,0.05,700,"sd","11:15:49",1689200
16.3,0.05,2700,"sd","11:15:07",1688500
16.3,0.05,800,"sd","11:14:41",1685800
16.3,0.05,3300,"sd","11:13:36",1685000
16.3,0.05,700,"sd","11:13:33",1681700
16.3,0.05,3300,"sd","11:13:24",1681000
16.3,0.05,100,"sd","11:13:10",1677700
16.3,0.05,100,"sd","11:13:03",1677600
16.3,0.05,1000,"sd","11:13:01",1677500
16.3,0.05,10000,"sd","11:13:01",1676500
16.3,0.05,500,"sd","11:13:00",1666500
16.3,0.05,5000,"sd","11:12:58",1666000
16.3,0.05,100,"sd","11:12:54",1661000
16.3,0.05,1000,"sd","11:12:53",1660900
16.3,0.05,10000,"sd","11:12:52",1659900
16.3,0.05,100,"sd","11:12:46",1649900
16.3,0.05,800,"sd","11:12:26",1649800
16.3,0.05,500,"sd","11:11:35",1649000
16.35,0.1,5000,"bu","11:11:34",1648500
16.3,0.05,200,"sd","11:11:30",1643500
16.35,0.1,2000,"bu","11:11:30",1643300
16.3,0.05,700,"sd","11:11:18",1641300
16.3,0.05,100,"sd","11:11:10",1640600
16.35,0.1,500,"bu","11:11:03",1640500
16.3,0.05,200,"sd","11:11:03",1640000
16.3,0.05,500,"sd","11:10:41",1639800
16.3,0.05,800,"sd","11:10:11",1639300
16.3,0.05,100,"sd","11:09:29",1638500
16.35,0.1,1300,"bu","11:09:29",1638400
16.3,0.05,200,"sd","11:09:06",1637100
16.3,0.05,2500,"sd","11:09:05",1636900
16.35,0.1,25000,"bu","11:09:04",1634400
16.3,0.05,800,"sd","11:09:03",1609400
16.3,0.05,300,"sd","11:08:54",1608600
16.25,0,200,"sd","11:08:09",1608300
16.25,0,1100,"sd","11:08:07",1608100
16.3,0.05,27100,"sd","11:08:06",1605400
16.3,0.05,271300,"bu","11:08:05",1578300
16.25,0,100,"sd","11:08:04",1307000
16.25,0,700,"sd","11:07:55",1306900
16.25,0,800,"sd","11:06:48",1306200
16.25,0,100,"sd","11:06:38",1305400
16.25,0,100,"sd","11:06:09",1305300
16.25,0,1000,"sd","11:06:09",1305200
16.3,0.05,10000,"bu","11:06:07",1304200
16.25,0,700,"sd","11:05:40",1294200
16.25,0,500,"sd","11:04:39",1293500
16.25,0,5000,"sd","11:04:37",1293000
16.25,0,50000,"sd","11:04:37",1288000
16.25,0,800,"sd","11:04:32",1238000
16.25,0,100,"sd","11:04:02",1237200
16.25,0,1600,"sd","11:04:00",1237100
16.25,0,16500,"sd","11:04:00",1235500
16.25,0,500,"sd","11:03:42",1219000
16.25,0,800,"sd","11:03:25",1218500
16.25,0,100,"sd","11:03:23",1217700
16.25,0,1500,"sd","11:03:22",1217600
16.25,0,15000,"sd","11:03:20",1216100
16.25,0,900,"sd","11:03:01",1201100
16.25,0,200,"sd","11:02:38",1200200
16.25,0,700,"sd","11:02:17",1200000
16.25,0,600,"sd","11:02:05",1199300
16.25,0,700,"sd","11:01:50",1198700
16.25,0,800,"sd","11:01:10",1198000
16.25,0,100,"sd","11:00:57",1197200
16.25,0,1000,"sd","11:00:56",1197100
16.25,0,10000,"sd","11:00:54",1196100
16.25,0,400,"sd","11:00:35",1186100
16.25,0,4000,"sd","11:00:34",1185700
16.25,0,700,"sd","11:00:02",1181700
16.25,0,800,"sd","10:58:54",1181000
16.25,0,200,"sd","10:58:28",1180200
16.25,0,800,"sd","10:58:08",1180000
16.25,0,8800,"sd","10:58:07",1179200
16.25,0,800,"sd","10:57:47",1170400
16.25,0,700,"sd","10:56:39",1169600
16.25,0,7400,"sd","10:55:32",1168900
16.25,0,100,"sd","10:55:29",1161500
16.25,0,100,"sd","10:54:26",1161400
16.25,0,700,"sd","10:54:24",1161300
16.25,0,800,"sd","10:53:16",1160600
16.25,0,100,"sd","10:52:44",1159800
16.25,0,1800,"sd","10:52:43",1159700
16.25,0,1000,"sd","10:52:41",1157900
16.25,0,800,"sd","10:52:09",1156900
16.25,0,700,"sd","10:51:01",1156100
16.25,0,200,"sd","10:50:50",1155400
16.25,0,2000,"sd","10:50:49",1155200
16.25,0,800,"sd","10:49:53",1153200
16.25,0,700,"sd","10:48:46",1152400
16.25,0,100,"sd","10:48:00",1151700
16.25,0,1000,"sd","10:48:00",1151600
16.25,0,100,"sd","10:47:45",1150600
16.25,0,800,"sd","10:47:38",1150500
16.25,0,800,"sd","10:46:31",1149700
16.25,0,300,"sd","10:45:47",1148900
16.25,0,3900,"bu","10:45:46",1148600
16.25,0,600,"sd","10:45:23",1144700
16.25,0,200,"sd","10:45:10",1144100
16.25,0,2000,"sd","10:45:09",1143900
16.25,0,100,"sd","10:44:25",1141900
16.25,0,2200,"sd","10:44:22",1141800
16.25,0,20000,"sd","10:44:21",1139600
16.25,0,100,"sd","10:44:16",1119600
16.25,0,3300,"sd","10:44:15",1119500
16.25,0,200,"sd","10:43:21",1116200
16.25,0,2200,"sd","10:43:20",1116000
16.25,0,100,"sd","10:43:11",1113800
16.25,0,1300,"sd","10:43:10",1113700
16.25,0,700,"sd","10:43:08",1112400
16.25,0,100,"sd","10:42:32",1111700
16.25,0,200,"sd","10:42:29",1111600
16.25,0,2300,"sd","10:42:29",1111400
16.25,0,800,"sd","10:42:00",1109100
16.25,0,100,"sd","10:41:32",1108300
16.25,0,1900,"sd","10:41:32",1108200
16.25,0,800,"sd","10:40:53",1106300
16.25,0,200,"sd","10:40:49",1105500
16.25,0,2100,"sd","10:40:48",1105300
16.25,0,100,"sd","10:40:24",1103200
16.25,0,100,"sd","10:39:59",1103100
16.25,0,1800,"sd","10:39:58",1103000
16.25,0,200,"sd","10:39:45",1101200
16.25,0,3600,"sd","10:39:45",1101000
16.25,0,200,"sd","10:39:15",1097400
16.25,0,2000,"sd","10:39:13",1097200
16.25,0,800,"sd","10:38:37",1095200
16.25,0,100,"sd","10:38:29",1094400
16.25,0,1900,"sd","10:38:28",1094300
16.25,0,300,"sd","10:38:07",1092400
16.25,0,2300,"sd","10:37:44",1092100
16.25,0,700,"sd","10:37:30",1089800
16.25,0,200,"sd","10:37:22",1089100
16.25,0,400,"sd","10:37:07",1088900
16.25,0,4000,"sd","10:37:06",1088500
16.25,0,100,"sd","10:36:53",1084500
16.25,0,1800,"sd","10:36:53",1084400
16.25,0,800,"sd","10:36:22",1082600
16.25,0,200,"sd","10:36:10",1081800
16.25,0,2000,"sd","10:36:09",1081600
16.25,0,500,"sd","10:36:00",1079600
16.25,0,100,"sd","10:35:24",1079100
16.25,0,1900,"sd","10:35:23",1079000
16.25,0,700,"sd","10:35:15",1077100
16.25,0,200,"sd","10:34:39",1076400
16.25,0,2200,"sd","10:34:38",1076200
16.3,0.05,600,"bu","10:34:32",1074000
16.25,0,800,"sd","10:34:07",1073400
16.25,0,700,"sd","10:33:57",1072600
16.3,0.05,7000,"bu","10:33:57",1071900
16.25,0,100,"sd","10:33:45",1064900
16.25,0,1900,"sd","10:33:45",1064800
16.25,0,200,"sd","10:33:34",1062900
16.25,0,100,"sd","10:33:24",1062700
16.25,0,100,"sd","10:33:00",1062600
16.25,0,2600,"sd","10:32:59",1062500
16.25,0,200,"sd","10:32:18",1059900
16.25,0,2000,"sd","10:32:17",1059700
16.25,0,700,"sd","10:31:52",1057700
16.25,0,200,"sd","10:31:31",1057000
16.25,0,2100,"sd","10:31:29",1056800
16.25,0,300,"sd","10:31:23",1054700
16.3,0.05,3800,"bu","10:31:21",1054400
16.25,0,800,"sd","10:30:44",1050600
16.25,0,100,"sd","10:30:40",1049800
16.25,0,1900,"sd","10:30:40",1049700
16.25,0,300,"sd","10:30:34",1047800
16.25,0,3000,"sd","10:30:34",1047500
16.25,0,200,"sd","10:29:56",1044500
16.25,0,2100,"sd","10:29:54",1044300
16.25,0,700,"sd","10:29:48",1042200
16.25,0,7700,"sd","10:29:48",1041500
16.25,0,77100,"bu","10:29:47",1033800
16.2,-0.05,700,"sd","10:29:36",956700
16.2,-0.05,600,"sd","10:29:11",956000
16.25,0,6700,"bu","10:29:11",955400
16.2,-0.05,2000,"sd","10:29:06",948700
16.2,-0.05,800,"sd","10:28:29",946700
16.2,-0.05,300,"sd","10:28:27",945900
16.25,0,3800,"bu","10:28:26",945600
16.2,-0.05,200,"sd","10:28:20",941800
16.2,-0.05,2000,"sd","10:28:19",941600
16.2,-0.05,300,"sd","10:27:49",939600
16.2,-0.05,3200,"sd","10:27:48",939300
16.2,-0.05,100,"sd","10:27:39",936100
16.2,-0.05,1200,"sd","10:27:37",936000
16.25,0,12700,"bu","10:27:36",934800
16.2,-0.05,2000,"sd","10:27:33",922100
16.2,-0.05,800,"sd","10:27:21",920100
16.2,-0.05,100,"sd","10:26:49",919300
16.2,-0.05,1900,"sd","10:26:49",919200
16.2,-0.05,100,"sd","10:26:43",917300
16.2,-0.05,1000,"sd","10:26:42",917200
16.2,-0.05,10000,"sd","10:26:40",916200
16.25,0,100000,"bu","10:26:39",906200
16.25,0,800,"bu","10:26:37",806200
16.2,-0.05,700,"sd","10:26:14",805400
16.2,-0.05,200,"sd","10:26:02",804700
16.2,-0.05,2300,"sd","10:26:01",804500
16.25,0,500,"bu","10:25:30",802200
16.2,-0.05,200,"sd","10:25:07",801700
16.2,-0.05,2500,"sd","10:25:06",801500
16.2,-0.05,100,"sd","10:24:57",799000
16.2,-0.05,300,"sd","10:24:46",798900
16.2,-0.05,3000,"sd","10:24:45",798600
16.25,0,100,"bu","10:24:09",795600
16.25,0,500,"bu","10:23:49",795500
16.2,-0.05,800,"sd","10:22:51",795000
16.2,-0.05,100,"sd","10:22:28",794200
16.2,-0.05,1000,"sd","10:22:26",794100
16.2,-0.05,9100,"sd","10:22:26",793100
16.25,0,34000,"sd","10:22:25",784000
16.25,0,57600,"sd","10:22:24",750000
16.3,0.05,500,"bu","10:21:59",692400
16.25,0,100,"sd","10:21:54",691900
16.25,0,800,"sd","10:21:43",691800
16.25,0,500,"sd","10:21:30",691000
16.25,0,5000,"sd","10:21:30",690500
16.25,0,700,"sd","10:20:36",685500
16.25,0,800,"sd","10:19:28",684800
16.25,0,4100,"sd","10:19:00",684000
16.25,0,4100,"sd","10:18:41",679900
16.25,0,300,"sd","10:18:35",675800
16.25,0,3800,"sd","10:18:35",675500
16.25,0,200,"sd","10:18:29",671700
16.3,0.05,100,"bu","10:18:24",671500
16.3,0.05,200,"bu","10:17:40",671400
16.25,0,300,"sd","10:17:40",671200
16.25,0,3800,"sd","10:17:38",670900
16.25,0,100,"sd","10:17:21",667100
16.25,0,900,"sd","10:17:20",667000
16.25,0,300,"sd","10:17:19",666100
16.25,0,3800,"sd","10:17:18",665800
16.25,0,800,"sd","10:17:13",662000
16.25,0,300,"sd","10:17:11",661200
16.25,0,3800,"sd","10:17:10",660900
16.25,0,300,"sd","10:17:05",657100
16.25,0,3800,"sd","10:17:04",656800
16.25,0,100,"sd","10:16:57",653000
16.25,0,1500,"sd","10:16:56",652900
16.25,0,100,"sd","10:16:25",651400
16.25,0,2200,"sd","10:16:09",651300
16.25,0,8000,"sd","10:16:08",649100
16.25,0,800,"sd","10:16:05",641100
16.25,0,200,"sd","10:15:29",640300
16.25,0,100,"sd","10:15:25",640100
16.25,0,1600,"sd","10:15:25",640000
16.25,0,200,"sd","10:15:23",638400
16.3,0.05,2000,"bu","10:15:22",638200
16.3,0.05,500,"bu","10:14:36",636200
16.25,0,100,"sd","10:14:34",635700
16.25,0,1300,"sd","10:14:33",635600
16.3,0.05,500,"bu","10:14:16",634300
16.25,0,100,"sd","10:13:52",633800
16.25,0,2300,"sd","10:13:50",633700
16.25,0,100,"sd","10:13:05",631400
16.25,0,1600,"sd","10:13:04",631300
16.25,0,700,"sd","10:12:42",629700
16.25,0,1500,"sd","10:12:10",629000
16.25,0,800,"sd","10:11:35",627500
16.25,0,100,"sd","10:11:32",626700
16.25,0,100,"sd","10:11:23",626600
16.25,0,1500,"sd","10:11:23",626500
16.25,0,100,"sd","10:10:41",625000
16.3,0.05,1000,"bu","10:10:40",624900
16.25,0,100,"sd","10:10:37",623900
16.25,0,1600,"sd","10:10:36",623800
16.25,0,800,"sd","10:10:27",622200
16.25,0,100,"sd","10:10:25",621400
16.25,0,11000,"sd","10:10:23",621300
16.25,0,100,"sd","10:09:45",610300
16.25,0,1400,"sd","10:09:45",610200
16.25,0,700,"sd","10:09:19",608800
16.25,0,100,"sd","10:08:58",608100
16.25,0,1400,"sd","10:08:57",608000
16.25,0,400,"sd","10:08:47",606600
16.25,0,4000,"sd","10:08:45",606200
16.25,0,100,"sd","10:08:14",602200
16.25,0,1700,"sd","10:08:14",602100
16.25,0,800,"sd","10:08:12",600400
16.25,0,200,"sd","10:07:49",599600
16.25,0,600,"sd","10:07:39",599400
16.25,0,6000,"sd","10:07:38",598800
16.25,0,100,"sd","10:07:21",592800
16.25,0,1400,"sd","10:07:19",592700
16.25,0,100,"sd","10:07:16",591300
16.25,0,700,"sd","10:07:04",591200
16.25,0,100,"sd","10:06:35",590500
16.25,0,1300,"sd","10:06:34",590400
16.25,0,800,"sd","10:05:57",589100
16.25,0,100,"sd","10:05:52",588300
16.25,0,1500,"sd","10:05:50",588200
16.3,0.05,100,"bu","10:05:50",586700
16.25,0,500,"sd","10:05:23",586600
16.25,0,300,"sd","10:05:13",586100
16.25,0,100,"sd","10:05:04",585800
16.3,0.05,200,"bu","10:05:04",585700
16.25,0,1600,"sd","10:05:04",585500
16.3,0.05,200,"bu","10:04:45",583900
16.25,0,100,"sd","10:04:14",583700
16.25,0,1800,"sd","10:04:14",583600
16.3,0.05,18900,"sd","10:04:13",581800
16.3,0.05,100,"sd","10:04:09",562900
16.3,0.05,1400,"sd","10:04:09",562800
16.3,0.05,700,"sd","10:03:41",561400
16.3,0.05,100,"sd","10:03:34",560700
16.3,0.05,1000,"sd","10:03:33",560600
16.3,0.05,10000,"sd","10:03:31",559600
16.3,0.05,100,"sd","10:03:28",549600
16.3,0.05,1100,"sd","10:03:26",549500
16.3,0.05,1400,"sd","10:03:25",548400
16.3,0.05,100,"sd","10:02:42",547000
16.3,0.05,500,"sd","10:02:41",546900
16.3,0.05,1300,"sd","10:02:40",546400
16.3,0.05,200,"sd","10:02:38",545100
16.3,0.05,2300,"sd","10:02:37",544900
16.3,0.05,800,"sd","10:02:34",542600
16.3,0.05,1600,"sd","10:01:57",541800
16.3,0.05,100,"sd","10:01:51",540200
16.3,0.05,700,"sd","10:01:26",540100
16.3,0.05,100,"sd","10:01:09",539400
16.3,0.05,1400,"sd","10:01:08",539300
16.3,0.05,6900,"bu","10:01:06",537900
16.25,0,100,"sd","10:00:41",531000
16.25,0,200,"sd","10:00:36",530900
16.25,0,2000,"sd","10:00:36",530700
16.3,0.05,20000,"bu","10:00:34",528700
16.25,0,100,"sd","10:00:25",508700
16.25,0,1400,"sd","10:00:24",508600
16.25,0,800,"sd","10:00:19",507200
16.25,0,100,"sd","09:59:39",506400
16.25,0,1500,"sd","09:59:37",506300
16.25,0,600,"sd","09:59:34",504800
16.3,0.05,6000,"bu","09:59:34",504200
16.25,0,800,"sd","09:59:11",498200
16.25,0,100,"sd","09:58:50",497400
16.25,0,1400,"sd","09:58:49",497300
16.3,0.05,100,"bu","09:58:44",495900
16.25,0,100,"sd","09:58:19",495800
16.25,0,1200,"sd","09:58:18",495700
16.3,0.05,9900,"sd","09:58:18",494500
16.3,0.05,3000,"sd","09:58:18",484600
16.3,0.05,30000,"sd","09:58:16",481600
16.3,0.05,100,"sd","09:58:05",451600
16.3,0.05,1300,"sd","09:58:04",451500
16.3,0.05,700,"sd","09:58:03",450200
16.3,0.05,300,"sd","09:57:43",449500
16.3,0.05,2200,"bu","09:57:42",449200
16.25,0,100,"sd","09:57:38",447000
16.25,0,100,"sd","09:57:21",446900
16.25,0,1500,"sd","09:57:21",446800
16.25,0,400,"sd","09:56:59",445300
16.25,0,4000,"sd","09:56:58",444900
16.3,0.05,2000,"bu","09:56:57",440900
16.25,0,800,"sd","09:56:56",438900
16.25,0,300,"sd","09:56:47",438100
16.25,0,3800,"sd","09:56:46",437800
16.25,0,300,"sd","09:56:41",434000
16.25,0,3800,"sd","09:56:39",433700
16.25,0,300,"sd","09:56:33",429900
16.25,0,3800,"sd","09:56:32",429600
16.25,0,300,"sd","09:56:22",425800
16.3,0.05,3000,"sd","09:56:22",425500
16.3,0.05,100,"sd","09:56:00",422500
16.3,0.05,200,"sd","09:55:49",422400
16.3,0.05,2300,"sd","09:55:48",422200
16.3,0.05,100,"sd","09:55:38",419900
16.3,0.05,100,"sd","09:55:36",419800
16.3,0.05,100,"sd","09:55:25",419700
16.3,0.05,100,"sd","09:54:57",419600
16.25,0,200,"sd","09:54:56",419500
16.3,0.05,1400,"sd","09:54:56",419300
16.3,0.05,600,"sd","09:54:55",417900
16.3,0.05,6000,"bu","09:54:54",417300
16.25,0,400,"sd","09:54:44",411300
16.25,0,800,"sd","09:54:40",410900
16.25,0,100,"sd","09:54:06",410100
16.25,0,1700,"sd","09:54:05",410000
16.3,0.05,100,"bu","09:54:00",408300
16.25,0,800,"sd","09:53:33",408200
16.25,0,200,"sd","09:52:52",407400
16.25,0,800,"sd","09:52:25",407200
16.25,0,500,"sd","09:52:24",406400
16.3,0.05,5000,"bu","09:52:23",405900
16.25,0,100,"sd","09:52:17",400900
16.25,0,1500,"sd","09:52:16",400800
16.25,0,300,"sd","09:51:56",399300
16.25,0,400,"sd","09:51:27",399000
16.25,0,800,"sd","09:51:18",398600
16.25,0,200,"sd","09:51:17",397800
16.3,0.05,200,"bu","09:51:02",397600
16.25,0,600,"sd","09:51:01",397400
16.3,0.05,500,"sd","09:51:01",396800
16.3,0.05,6100,"sd","09:51:01",396300
16.3,0.05,100,"sd","09:50:44",390200
16.3,0.05,1400,"sd","09:50:43",390100
16.3,0.05,100,"sd","09:50:42",388700
16.3,0.05,1600,"sd","09:50:41",388600
16.3,0.05,200,"sd","09:50:19",387000
16.3,0.05,700,"sd","09:50:10",386800
16.3,0.05,100,"sd","09:49:53",386100
16.3,0.05,100,"sd","09:49:48",386000
16.3,0.05,1900,"sd","09:49:47",385900
16.3,0.05,19100,"sd","09:49:47",384000
16.3,0.05,1500,"sd","09:49:45",364900
16.3,0.05,300,"sd","09:49:08",363400
16.3,0.05,3000,"sd","09:49:08",363100
16.3,0.05,100,"sd","09:49:02",360100
16.3,0.05,700,"sd","09:49:02",360000
16.3,0.05,100,"sd","09:49:00",359300
16.3,0.05,1400,"sd","09:48:59",359200
16.3,0.05,100,"sd","09:48:45",357800
16.3,0.05,1000,"sd","09:48:45",357700
16.3,0.05,500,"sd","09:48:37",356700
16.3,0.05,100,"sd","09:48:13",356200
16.3,0.05,1300,"sd","09:48:13",356100
16.3,0.05,100,"sd","09:48:09",354800
16.3,0.05,1700,"sd","09:48:08",354700
16.3,0.05,17500,"bu","09:48:06",353000
16.25,0,800,"sd","09:47:55",335500
16.25,0,100,"sd","09:47:47",334700
16.3,0.05,1000,"bu","09:47:47",334600
16.3,0.05,300,"bu","09:47:44",333600
16.3,0.05,400,"bu","09:47:19",333300
16.3,0.05,100,"bu","09:47:18",332900
16.25,0,100,"sd","09:47:07",332800
16.25,0,1000,"sd","09:47:06",332700
16.3,0.05,10000,"bu","09:47:05",331700
16.25,0,700,"sd","09:46:47",321700
16.25,0,900,"sd","09:46:42",321000
16.25,0,200,"sd","09:46:36",320100
16.25,0,2200,"sd","09:46:35",319900
16.3,0.05,10700,"bu","09:46:35",317700
16.3,0.05,11300,"bu","09:46:34",307000
16.25,0,800,"sd","09:45:40",295700
16.25,0,100,"sd","09:44:32",294900
16.25,0,600,"sd","09:44:32",294800
16.25,0,200,"sd","09:44:01",294200
16.3,0.05,2000,"bu","09:44:00",294000
16.25,0,100,"sd","09:43:24",292000
16.25,0,700,"sd","09:43:24",291900
16.25,0,800,"sd","09:43:04",291200
16.25,0,8000,"sd","09:43:02",290400
16.25,0,700,"sd","09:42:17",282400
16.25,0,200,"sd","09:41:59",281700
16.25,0,2000,"bu","09:41:57",281500
16.25,0,500,"bu","09:41:43",279500
16.2,-0.05,500,"sd","09:41:19",279000
16.25,0,5000,"bu","09:41:18",278500
16.2,-0.05,300,"sd","09:41:15",273500
16.25,0,3000,"bu","09:41:14",273200
16.25,0,100,"bu","09:39:38",270200
16.2,-0.05,100,"sd","09:39:07",270100
16.2,-0.05,300,"sd","09:39:06",270000
16.2,-0.05,3800,"sd","09:39:04",269700
16.2,-0.05,100,"sd","09:38:59",265900
16.2,-0.05,1100,"sd","09:38:59",265800
16.2,-0.05,700,"sd","09:38:54",264700
16.2,-0.05,400,"sd","09:38:51",264000
16.2,-0.05,4400,"sd","09:38:50",263600
16.2,-0.05,300,"sd","09:38:43",259200
16.2,-0.05,3800,"sd","09:38:42",258900
16.2,-0.05,100,"sd","09:38:04",255100
16.2,-0.05,1500,"sd","09:38:03",255000
16.25,0,400,"sd","09:37:56",253500
16.25,0,4600,"bu","09:37:56",253100
16.25,0,500,"sd","09:37:42",248500
16.25,0,100,"sd","09:37:33",248000
16.25,0,1000,"sd","09:37:33",247900
16.25,0,10400,"bu","09:37:31",246900
16.2,-0.05,1300,"sd","09:37:30",236500
16.25,0,13500,"sd","09:37:29",235200
16.25,0,300,"sd","09:37:13",221700
16.25,0,3800,"sd","09:37:12",221400
16.25,0,300,"sd","09:37:05",217600
16.25,0,3800,"sd","09:37:04",217300
16.25,0,700,"sd","09:36:39",213500
16.25,0,200,"bu","09:36:24",212800
16.2,-0.05,100,"sd","09:35:53",212600
16.2,-0.05,800,"sd","09:35:31",212500
16.2,-0.05,500,"sd","09:35:28",211700
16.2,-0.05,1000,"sd","09:35:27",211200
16.25,0,600,"sd","09:35:27",210200
16.25,0,3400,"sd","09:35:26",209600
16.25,0,50000,"sd","09:35:26",206200
16.25,0,300,"sd","09:34:25",156200
16.3,0.05,3000,"bu","09:34:24",155900
16.3,0.05,500,"bu","09:34:08",152900
16.3,0.05,900,"bu","09:32:29",152400
16.25,0,100,"sd","09:32:21",151500
16.3,0.05,1000,"bu","09:32:21",151400
16.3,0.05,400,"bu","09:32:01",150400
16.25,0,100,"sd","09:32:01",150000
16.25,0,1200,"sd","09:31:59",149900
16.25,0,700,"sd","09:31:01",148700
16.25,0,100,"sd","09:30:21",148000
16.25,0,1000,"sd","09:30:20",147900
16.25,0,800,"sd","09:29:53",146900
16.25,0,100,"sd","09:29:39",146100
16.25,0,1000,"sd","09:29:37",146000
16.25,0,800,"sd","09:28:45",145000
16.25,0,100,"sd","09:27:46",144200
16.25,0,1000,"sd","09:27:44",144100
16.3,0.05,10000,"bu","09:27:43",143100
16.25,0,700,"sd","09:27:38",133100
16.25,0,100,"sd","09:27:32",132400
16.25,0,1000,"sd","09:27:31",132300
16.25,0,400,"sd","09:27:19",131300
16.25,0,300,"sd","09:26:47",130900
16.25,0,100,"sd","09:26:32",130600
16.25,0,800,"sd","09:26:30",130500
16.25,0,100,"sd","09:26:07",129700
16.3,0.05,1000,"bu","09:26:06",129600
16.25,0,100,"sd","09:25:51",128600
16.25,0,300,"sd","09:25:45",128500
16.25,0,3800,"sd","09:25:44",128200
16.25,0,100,"sd","09:25:39",124400
16.3,0.05,11900,"sd","09:25:33",124300
16.3,0.05,3800,"sd","09:25:25",112400
16.3,0.05,700,"sd","09:25:23",108600
16.3,0.05,100,"sd","09:25:18",107900
16.3,0.05,1000,"sd","09:25:02",107800
16.3,0.05,3600,"sd","09:24:35",106800
16.3,0.05,200,"sd","09:24:34",103200
16.3,0.05,500,"sd","09:24:23",103000
16.3,0.05,3800,"sd","09:24:22",102500
16.3,0.05,3800,"sd","09:24:16",98700
16.3,0.05,800,"sd","09:24:15",94900
16.3,0.05,3800,"sd","09:24:11",94100
16.3,0.05,3800,"sd","09:24:04",90300
16.3,0.05,900,"sd","09:23:39",86500
16.3,0.05,200,"sd","09:23:21",85600
16.3,0.05,3600,"sd","09:23:21",85400
16.3,0.05,100,"sd","09:23:10",81800
16.3,0.05,800,"sd","09:23:07",81700
16.3,0.05,3800,"sd","09:23:03",80900
16.3,0.05,3800,"sd","09:22:53",77100
16.3,0.05,2500,"sd","09:22:37",73300
16.3,0.05,100,"sd","09:22:15",70800
16.3,0.05,700,"sd","09:22:00",70700
16.3,0.05,200,"sd","09:21:53",70000
16.3,0.05,1000,"sd","09:21:32",69800
16.3,0.05,300,"sd","09:21:20",68800
16.3,0.05,3800,"sd","09:21:19",68500
16.3,0.05,100,"sd","09:21:07",64700
16.3,0.05,800,"sd","09:20:52",64600
16.3,0.05,400,"sd","09:20:39",63800
16.35,0.1,10000,"bu","09:20:25",63400
16.35,0.1,700,"bu","09:20:19",53400
16.35,0.1,2600,"bu","09:20:06",52700
16.35,0.1,1000,"bu","09:20:02",50100
16.35,0.1,700,"bu","09:19:48",49100
16.35,0.1,3000,"bu","09:19:33",48400
16.35,0.1,1000,"bu","09:19:03",45400
16.3,0.05,100,"sd","09:18:39",44400
16.3,0.05,800,"sd","09:18:37",44300
16.3,0.05,700,"sd","09:18:31",43500
16.35,0.1,500,"bu","09:18:22",42800
16.35,0.1,500,"bu","09:17:51",42300
16.35,0.1,5000,"bu","09:17:07",41800
16.3,0.05,200,"sd","09:17:02",36800
16.35,0.1,500,"bu","09:15:45",36600
16.3,0.05,3800,"sd","09:15:39",36100
16.3,0.05,3800,"sd","09:15:31",32300
16.3,0.05,900,"sd","09:15:14",28500
16.3,0.05,27600,"","09:15:01",27600
