"price","change","match_qtty","side","time","total_vol"
20.9,0.3,33200,"","14:45:01",2049200
20.85,0.25,5000,"sd","14:29:52",2016000
20.85,0.25,30200,"bu","14:29:51",2011000
20.8,0.2,5700,"bu","14:29:51",1980800
20.75,0.15,5000,"sd","14:29:50",1975100
20.8,0.2,4000,"sd","14:29:49",1970100
20.8,0.2,3000,"sd","14:29:44",1966100
20.8,0.2,5000,"bu","14:29:36",1963100
20.75,0.15,500,"sd","14:29:28",1958100
20.8,0.2,5000,"bu","14:29:26",1957600
20.85,0.25,2200,"bu","14:29:16",1952600
20.8,0.2,2800,"bu","14:29:16",1950400
20.8,0.2,2200,"sd","14:29:15",1947600
20.8,0.2,2100,"sd","14:29:12",1945400
20.8,0.2,700,"bu","14:29:04",1943300
20.75,0.15,100,"sd","14:29:02",1942600
20.75,0.15,5000,"sd","14:28:51",1942500
20.8,0.2,5000,"bu","14:28:45",1937500
20.8,0.2,200,"bu","14:28:38",1932500
20.8,0.2,3000,"bu","14:28:33",1932300
20.8,0.2,5000,"bu","14:28:30",1929300
20.8,0.2,1000,"bu","14:28:24",1924300
20.8,0.2,200,"bu","14:28:22",1923300
20.8,0.2,1000,"bu","14:28:11",1923100
20.8,0.2,2800,"bu","14:27:47",1922100
20.8,0.2,200,"bu","14:27:34",1919300
20.8,0.2,400,"bu","14:27:27",1919100
20.8,0.2,200,"sd","14:27:18",1918700
20.8,0.2,100,"sd","14:27:16",1918500
20.8,0.2,500,"sd","14:27:15",1918400
20.8,0.2,2000,"sd","14:27:12",1917900
20.8,0.2,20000,"sd","14:26:53",1915900
20.85,0.25,500,"bu","14:26:07",1895900
20.85,0.25,5000,"bu","14:26:02",1895400
20.85,0.25,500,"bu","14:25:38",1890400
20.85,0.25,200,"bu","14:25:30",1889900
20.85,0.25,400,"bu","14:25:30",1889700
20.85,0.25,100,"bu","14:25:29",1889300
20.85,0.25,1400,"sd","14:25:12",1889200
20.85,0.25,4000,"sd","14:25:05",1887800
20.85,0.25,300,"sd","14:24:59",1883800
20.85,0.25,3000,"sd","14:24:51",1883500
20.85,0.25,5000,"sd","14:24:04",1880500
20.85,0.25,1500,"sd","14:23:25",1875500
20.85,0.25,200,"sd","14:23:18",1874000
20.9,0.3,2000,"bu","14:23:07",1873800
20.9,0.3,500,"sd","14:22:41",1871800
20.9,0.3,1000,"bu","14:22:09",1871300
20.85,0.25,200,"sd","14:22:04",1870300
20.9,0.3,300,"bu","14:21:32",1870100
20.9,0.3,1000,"sd","14:21:02",1869800
20.9,0.3,200,"bu","14:21:01",1868800
20.9,0.3,1000,"bu","14:20:53",1868600
20.9,0.3,100,"bu","14:20:47",1867600
20.9,0.3,1000,"bu","14:20:21",1867500
20.9,0.3,100,"sd","14:19:43",1866500
20.9,0.3,8000,"sd","14:19:25",1866400
20.9,0.3,2500,"sd","14:19:11",1858400
20.9,0.3,2000,"sd","14:18:59",1855900
20.9,0.3,300,"sd","14:18:54",1853900
20.9,0.3,4000,"sd","14:18:35",1853600
20.9,0.3,1000,"sd","14:18:09",1849600
20.9,0.3,5000,"sd","14:18:03",1848600
20.95,0.35,4800,"bu","14:18:00",1843600
20.95,0.35,2300,"sd","14:17:36",1838800
20.95,0.35,2000,"sd","14:17:31",1836500
20.95,0.35,2000,"sd","14:17:29",1834500
21,0.4,500,"bu","14:17:22",1832500
20.95,0.35,1000,"sd","14:17:19",1832000
20.95,0.35,100,"sd","14:17:15",1831000
20.95,0.35,2500,"sd","14:17:06",1830900
20.95,0.35,100,"sd","14:17:03",1828400
20.95,0.35,4000,"sd","14:17:02",1828300
20.95,0.35,1000,"sd","14:16:58",1824300
20.95,0.35,1000,"sd","14:16:56",1823300
20.95,0.35,200,"sd","14:16:45",1822300
21,0.4,8200,"bu","14:16:30",1822100
21,0.4,4000,"bu","14:13:44",1813900
21,0.4,1000,"bu","14:12:53",1809900
20.95,0.35,1000,"sd","14:12:53",1808900
20.95,0.35,4000,"sd","14:12:38",1807900
20.95,0.35,200,"sd","14:12:19",1803900
21,0.4,1000,"bu","14:12:09",1803700
21,0.4,1000,"bu","14:11:35",1802700
21,0.4,1500,"bu","14:11:28",1801700
21,0.4,800,"bu","14:11:19",1800200
21,0.4,100,"bu","14:11:03",1799400
21,0.4,2000,"bu","14:10:43",1799300
21,0.4,500,"bu","14:10:10",1797300
21,0.4,1400,"sd","14:09:16",1796800
21,0.4,300,"sd","14:09:15",1795400
21,0.4,700,"bu","14:08:52",1795100
21,0.4,1400,"sd","14:08:48",1794400
21,0.4,1000,"sd","14:08:46",1793000
21,0.4,1000,"sd","14:08:45",1792000
21,0.4,5000,"sd","14:08:43",1791000
21,0.4,2000,"sd","14:08:39",1786000
21,0.4,2000,"sd","14:08:38",1784000
21.05,0.45,1000,"sd","14:08:18",1782000
21,0.4,1700,"sd","14:08:14",1781000
21.05,0.45,300,"sd","14:08:14",1779300
21.05,0.45,2500,"sd","14:07:46",1779000
21.05,0.45,3000,"sd","14:07:38",1776500
21.05,0.45,500,"sd","14:06:50",1773500
21.05,0.45,2400,"sd","14:06:43",1773000
21.05,0.45,500,"sd","14:06:38",1770600
21.05,0.45,100,"sd","14:06:22",1770100
21.1,0.5,2000,"bu","14:05:52",1770000
21.05,0.45,2000,"sd","14:05:38",1768000
21.1,0.5,3600,"sd","14:05:13",1766000
21.1,0.5,1500,"sd","14:05:06",1762400
21.15,0.55,500,"bu","14:05:02",1752400
21.15,0.55,100,"bu","14:04:51",1751900
21.1,0.5,1000,"sd","14:04:48",1751800
21.15,0.55,12700,"sd","14:04:39",1750800
21.15,0.55,100,"sd","14:04:35",1738100
21.15,0.55,7000,"sd","14:04:26",1738000
21.15,0.55,500,"sd","14:04:19",1731000
21.2,0.6,2300,"bu","14:04:15",1730500
21.15,0.55,1000,"sd","14:04:12",1728200
21.15,0.55,100,"sd","14:04:08",1727200
21.15,0.55,3000,"sd","14:03:59",1727100
21.15,0.55,1000,"sd","14:03:55",1724100
21.15,0.55,100,"sd","14:03:52",1723100
21.15,0.55,1000,"sd","14:03:36",1723000
21.15,0.55,200,"sd","14:03:36",1722000
21.15,0.55,1200,"sd","14:03:19",1721800
21.15,0.55,1000,"sd","14:03:08",1720600
21.15,0.55,5000,"sd","14:02:43",1719600
21.15,0.55,100,"sd","14:02:36",1714600
21.15,0.55,1000,"sd","14:02:25",1714500
21.15,0.55,4000,"sd","14:02:23",1713500
21.15,0.55,3000,"sd","14:02:09",1709500
21.2,0.6,500,"bu","14:01:43",1706500
21.2,0.6,200,"bu","14:00:59",1706000
21.2,0.6,4000,"sd","14:00:49",1705800
21.25,0.65,2000,"bu","14:00:48",1701800
21.2,0.6,1300,"sd","14:00:48",1699800
21.2,0.6,8300,"bu","14:00:39",1698500
21.2,0.6,400,"sd","14:00:20",1690200
21.2,0.6,500,"sd","14:00:13",1689800
21.2,0.6,300,"sd","14:00:11",1689300
21.2,0.6,3900,"bu","14:00:01",1689000
21.2,0.6,100,"bu","13:59:44",1685100
21.2,0.6,2000,"sd","13:59:43",1685000
21.25,0.65,900,"bu","13:59:39",1683000
21.25,0.65,3200,"bu","13:59:35",1682100
21.25,0.65,500,"bu","13:59:31",1678900
21.25,0.65,3000,"bu","13:59:29",1678400
21.25,0.65,3100,"bu","13:59:10",1675400
21.25,0.65,400,"bu","13:58:53",1672300
21.2,0.6,1000,"sd","13:58:39",1671900
21.2,0.6,500,"sd","13:58:33",1670900
21.2,0.6,100,"bu","13:58:31",1670400
21.2,0.6,1000,"bu","13:58:29",1670300
21.2,0.6,2900,"sd","13:58:28",1669300
21.2,0.6,16500,"bu","13:58:24",1666400
21.2,0.6,400,"bu","13:58:15",1649900
21.2,0.6,5000,"bu","13:58:06",1649500
21.2,0.6,100,"bu","13:58:00",1644500
21.2,0.6,8300,"bu","13:57:59",1644400
21.2,0.6,2100,"bu","13:57:56",1636100
21.15,0.55,2500,"sd","13:57:56",1634000
21.2,0.6,2000,"bu","13:57:52",1631500
21.15,0.55,400,"sd","13:57:47",1629500
21.15,0.55,21000,"bu","13:57:44",1629100
21.15,0.55,1500,"bu","13:57:36",1608100
21.15,0.55,100,"bu","13:57:24",1606600
21.1,0.5,500,"sd","13:57:22",1606500
21.15,0.55,500,"bu","13:57:21",1606000
21.15,0.55,700,"bu","13:57:18",1605500
21.15,0.55,500,"bu","13:57:15",1604800
21.1,0.5,9500,"bu","13:57:15",1604300
21.1,0.5,1000,"bu","13:57:12",1594800
21.1,0.5,19000,"bu","13:57:11",1593800
21.05,0.45,3000,"sd","13:57:11",1574800
21.1,0.5,100,"bu","13:57:04",1571800
21.1,0.5,100,"bu","13:57:02",1571700
21.1,0.5,10000,"bu","13:56:59",1571600
21.05,0.45,400,"bu","13:56:55",1561600
21.05,0.45,1000,"bu","13:56:52",1561200
21.05,0.45,5000,"bu","13:56:49",1560200
21.05,0.45,500,"bu","13:56:48",1555200
21.05,0.45,5000,"bu","13:56:47",1554700
21.05,0.45,1000,"bu","13:56:46",1549700
21.05,0.45,4000,"bu","13:56:41",1548700
21,0.4,1000,"sd","13:56:39",1544700
21,0.4,10600,"bu","13:56:32",1543700
21,0.4,94100,"bu","13:56:32",1533100
21,0.4,2500,"bu","13:56:25",1439000
21,0.4,200,"bu","13:56:24",1436500
21,0.4,400,"bu","13:56:22",1436300
20.95,0.35,4300,"bu","13:56:15",1435900
20.95,0.35,300,"bu","13:56:14",1431600
20.95,0.35,90000,"bu","13:56:12",1431300
20.95,0.35,400,"bu","13:56:04",1341300
20.95,0.35,2000,"bu","13:55:56",1340900
20.95,0.35,30000,"bu","13:55:53",1338900
20.95,0.35,200,"bu","13:55:39",1308900
20.95,0.35,1000,"bu","13:55:36",1308700
20.9,0.3,500,"bu","13:54:28",1307700
20.9,0.3,300,"bu","13:54:28",1307200
20.85,0.25,3000,"sd","13:54:21",1306900
20.9,0.3,50900,"bu","13:54:12",1303900
20.85,0.25,1000,"sd","13:53:21",1253000
20.85,0.25,100,"sd","13:53:09",1252000
20.9,0.3,2000,"bu","13:52:40",1251900
20.9,0.3,1000,"bu","13:52:23",1249900
20.9,0.3,300,"bu","13:51:01",1248900
20.9,0.3,8800,"bu","13:50:11",1248600
20.85,0.25,1000,"sd","13:49:44",1239800
20.9,0.3,10000,"bu","13:49:40",1238800
20.85,0.25,2000,"sd","13:49:31",1228800
20.85,0.25,100,"sd","13:49:27",1226800
20.85,0.25,1000,"sd","13:49:19",1226700
20.85,0.25,100,"sd","13:48:16",1225700
20.85,0.25,1000,"sd","13:48:14",1225600
20.9,0.3,400,"bu","13:47:56",1224600
20.85,0.25,2000,"sd","13:47:54",1224200
20.85,0.25,4000,"sd","13:47:40",1222200
20.9,0.3,500,"bu","13:47:28",1218200
20.9,0.3,900,"bu","13:47:22",1217700
20.9,0.3,5000,"bu","13:47:16",1216800
20.9,0.3,200,"bu","13:47:10",1211800
20.9,0.3,20000,"sd","13:46:28",1211600
20.9,0.3,100,"bu","13:46:18",1191600
20.9,0.3,200,"bu","13:46:10",1191500
20.85,0.25,200,"sd","13:45:59",1191300
20.9,0.3,800,"sd","13:45:59",1191100
20.9,0.3,200,"bu","13:45:53",1190300
20.9,0.3,1000,"sd","13:45:48",1190100
20.9,0.3,200,"bu","13:45:32",1189100
20.9,0.3,4700,"bu","13:45:30",1188900
20.9,0.3,2400,"bu","13:45:30",1184200
20.9,0.3,2100,"bu","13:45:17",1181800
20.9,0.3,500,"bu","13:45:16",1179700
20.9,0.3,300,"sd","13:45:03",1179200
20.9,0.3,1700,"bu","13:45:00",1178900
20.9,0.3,1000,"bu","13:44:57",1177200
20.9,0.3,10000,"bu","13:44:41",1176200
20.85,0.25,100,"sd","13:44:38",1166200
20.85,0.25,1000,"sd","13:44:10",1166100
20.9,0.3,8000,"sd","13:44:04",1165100
20.9,0.3,3000,"sd","13:43:32",1157100
20.9,0.3,100,"sd","13:43:27",1154100
20.9,0.3,1000,"sd","13:43:21",1154000
20.9,0.3,1000,"sd","13:43:14",1153000
20.9,0.3,100,"sd","13:43:10",1152000
20.9,0.3,300,"sd","13:43:09",1151900
20.9,0.3,200,"sd","13:43:02",1151600
20.9,0.3,700,"bu","13:43:01",1151400
20.9,0.3,2000,"bu","13:42:48",1150700
20.85,0.25,500,"sd","13:42:46",1148700
20.85,0.25,100,"sd","13:42:36",1148200
20.85,0.25,1200,"sd","13:42:30",1148100
20.9,0.3,30000,"bu","13:42:27",1146900
20.85,0.25,16800,"bu","13:42:16",1116900
20.85,0.25,1000,"bu","13:42:09",1100100
20.85,0.25,5000,"bu","13:42:09",1099100
20.8,0.2,200,"sd","13:42:04",1094100
20.85,0.25,2000,"bu","13:41:40",1093900
20.8,0.2,500,"sd","13:41:03",1091900
20.85,0.25,3000,"bu","13:40:52",1091400
20.8,0.2,200,"sd","13:40:45",1088400
20.85,0.25,300,"bu","13:39:49",1088200
20.8,0.2,2000,"sd","13:38:59",1087900
20.8,0.2,13600,"bu","13:38:43",1085900
20.8,0.2,100,"bu","13:37:55",1072300
20.8,0.2,200,"bu","13:37:54",1072200
20.8,0.2,200,"sd","13:37:34",1072000
20.8,0.2,200,"sd","13:37:28",1071800
20.8,0.2,1500,"sd","13:37:23",1071600
20.8,0.2,500,"sd","13:37:20",1070100
20.8,0.2,300,"sd","13:36:48",1069600
20.85,0.25,5000,"bu","13:36:46",1069300
20.85,0.25,58000,"bu","13:35:53",1064300
20.8,0.2,9000,"bu","13:35:53",1006300
20.75,0.15,100,"sd","13:35:47",997300
20.8,0.2,300,"bu","13:35:09",997200
20.75,0.15,100,"sd","13:35:08",996900
20.75,0.15,100,"sd","13:34:17",996800
20.8,0.2,4000,"bu","13:34:17",996700
20.8,0.2,95000,"bu","13:32:57",992700
20.75,0.15,500,"sd","13:32:54",897700
20.75,0.15,3900,"bu","13:32:41",897200
20.7,0.1,3500,"sd","13:32:40",893300
20.75,0.15,1200,"sd","13:32:17",889800
20.75,0.15,5100,"sd","13:32:02",888600
20.75,0.15,5000,"sd","13:31:57",883500
20.75,0.15,1300,"sd","13:31:38",878500
20.75,0.15,200,"sd","13:31:08",877200
20.75,0.15,100,"sd","13:30:50",877000
20.75,0.15,10000,"sd","13:30:41",876900
20.75,0.15,1000,"sd","13:29:12",866900
20.75,0.15,200,"sd","13:27:32",865900
20.75,0.15,17600,"bu","13:27:06",865700
20.75,0.15,2900,"sd","13:26:36",848100
20.75,0.15,2400,"bu","13:26:11",845200
20.7,0.1,500,"sd","13:25:47",842800
20.75,0.15,1000,"bu","13:25:40",842300
20.75,0.15,25000,"bu","13:25:16",841300
20.7,0.1,200,"sd","13:24:34",816300
20.7,0.1,3000,"sd","13:24:13",816100
20.7,0.1,1000,"sd","13:24:00",813100
20.7,0.1,200,"sd","13:23:51",812100
20.7,0.1,2000,"sd","13:23:40",811900
20.7,0.1,300,"sd","13:23:21",809900
20.7,0.1,200,"sd","13:23:19",809600
20.7,0.1,500,"sd","13:23:00",809400
20.7,0.1,2000,"sd","13:22:48",808900
20.7,0.1,500,"sd","13:22:44",806900
20.7,0.1,2000,"sd","13:22:43",806400
20.7,0.1,9000,"sd","13:21:49",804400
20.7,0.1,3600,"bu","13:21:47",795400
20.7,0.1,15900,"bu","13:21:38",791800
20.7,0.1,4100,"bu","13:21:37",775900
20.65,0.05,10000,"sd","13:21:08",771800
20.7,0.1,300,"bu","13:20:28",761800
20.65,0.05,2500,"sd","13:19:58",761500
20.65,0.05,500,"sd","13:19:44",759000
20.65,0.05,3600,"sd","13:18:36",758500
20.7,0.1,1000,"bu","13:17:58",754900
20.7,0.1,1100,"sd","13:15:16",753900
20.7,0.1,400,"sd","13:14:55",752800
20.7,0.1,1900,"sd","13:14:52",752400
20.7,0.1,100,"sd","13:14:50",750500
20.7,0.1,500,"sd","13:14:49",750400
20.7,0.1,1000,"sd","13:14:46",749900
20.7,0.1,2400,"sd","13:14:44",748900
20.7,0.1,400,"sd","13:14:43",746500
20.7,0.1,1000,"sd","13:14:42",746100
20.7,0.1,3000,"sd","13:14:38",745100
20.7,0.1,2000,"sd","13:14:37",742100
20.7,0.1,500,"sd","13:14:16",740100
20.7,0.1,1000,"sd","13:14:05",739600
20.7,0.1,400,"sd","13:13:07",738600
20.7,0.1,1000,"sd","13:13:06",738200
20.7,0.1,1000,"sd","13:12:59",737200
20.7,0.1,2000,"sd","13:12:54",736200
20.7,0.1,300,"sd","13:12:42",734200
20.7,0.1,30000,"sd","13:11:46",733900
20.7,0.1,1000,"sd","13:11:19",703900
20.7,0.1,300,"sd","13:10:55",702900
20.7,0.1,10000,"sd","13:10:43",702600
20.7,0.1,1000,"sd","13:10:28",692600
20.7,0.1,5400,"sd","13:10:23",691600
20.7,0.1,100,"sd","13:09:46",686200
20.75,0.15,100,"bu","13:08:43",686100
20.75,0.15,100,"bu","13:07:00",686000
20.7,0.1,300,"sd","13:06:22",685900
20.75,0.15,500,"bu","13:05:58",685600
20.75,0.15,12000,"bu","13:05:56",685100
20.7,0.1,500,"sd","13:05:44",673100
20.7,0.1,200,"sd","13:05:43",672600
20.7,0.1,100,"sd","13:05:19",672400
20.7,0.1,2000,"sd","13:05:14",672300
20.75,0.15,300,"bu","13:03:51",670300
20.7,0.1,2000,"sd","13:03:49",670000
20.75,0.15,300,"bu","13:03:23",668000
20.7,0.1,400,"sd","13:03:19",667700
20.75,0.15,100,"bu","13:02:32",667300
20.7,0.1,800,"sd","13:02:31",667200
20.7,0.1,100,"sd","13:01:42",666400
20.75,0.15,30000,"bu","13:01:16",666300
20.75,0.15,100,"bu","13:00:55",636300
20.7,0.1,4300,"sd","13:00:37",636200
20.7,0.1,2000,"sd","13:00:35",631900
20.7,0.1,100,"sd","13:00:23",629900
20.7,0.1,100,"sd","13:00:19",629800
20.7,0.1,1000,"sd","13:00:13",629700
20.7,0.1,100,"sd","13:00:10",628700
20.7,0.1,400,"sd","13:00:08",628600
20.7,0.1,5000,"sd","13:00:05",628200
20.7,0.1,3000,"sd","13:00:03",623200
20.7,0.1,6400,"sd","13:00:01",620200
20.7,0.1,100,"sd","13:00:00",613800
20.75,0.15,100,"bu","13:00:00",613700
20.7,0.1,300,"sd","13:00:00",613600
20.7,0.1,2500,"sd","11:29:36",613300
20.7,0.1,100,"sd","11:29:24",610800
20.7,0.1,300,"sd","11:29:21",610700
20.7,0.1,100,"sd","11:29:14",610400
20.7,0.1,500,"sd","11:29:06",610300
20.7,0.1,100,"sd","11:28:46",609800
20.7,0.1,2300,"sd","11:28:35",609700
20.7,0.1,5000,"sd","11:28:23",607400
20.7,0.1,200,"sd","11:27:52",602400
20.7,0.1,1000,"sd","11:26:53",602200
20.7,0.1,200,"sd","11:26:23",601200
20.75,0.15,500,"bu","11:26:19",601000
20.7,0.1,5000,"sd","11:25:51",600500
20.7,0.1,100,"sd","11:24:48",595500
20.75,0.15,100,"bu","11:24:44",595400
20.7,0.1,100,"sd","11:24:09",595300
20.7,0.1,200,"bu","11:22:22",595200
20.75,0.15,400,"bu","11:19:54",595000
20.7,0.1,2800,"bu","11:19:09",594600
20.7,0.1,300,"bu","11:19:07",591800
20.7,0.1,400,"bu","11:15:53",591500
20.7,0.1,46000,"bu","11:13:28",591100
20.65,0.05,100,"sd","11:11:47",545100
20.65,0.05,1000,"sd","11:11:45",545000
20.65,0.05,1500,"sd","11:11:37",544000
20.65,0.05,500,"sd","11:11:02",542500
20.65,0.05,400,"sd","11:09:32",542000
20.65,0.05,8500,"sd","11:07:14",541600
20.65,0.05,500,"sd","11:06:49",533100
20.65,0.05,4000,"sd","11:04:49",532600
20.7,0.1,30000,"bu","11:04:48",528600
20.65,0.05,12400,"bu","11:04:44",498600
20.65,0.05,5300,"bu","11:04:44",486200
20.65,0.05,300,"bu","11:04:16",480900
20.65,0.05,300,"bu","11:03:50",480600
20.65,0.05,300,"bu","11:03:34",480300
20.6,0,200,"sd","11:03:22",480000
20.6,0,200,"sd","11:02:24",479800
20.65,0.05,300,"bu","11:01:27",479600
20.6,0,200,"sd","11:00:49",479300
20.6,0,36000,"sd","11:00:02",479100
20.6,0,2000,"sd","10:59:30",443100
20.6,0,2300,"sd","10:59:08",441100
20.6,0,100,"sd","10:58:55",438800
20.65,0.05,2500,"bu","10:58:40",438700
20.65,0.05,600,"bu","10:57:17",436200
20.65,0.05,200,"bu","10:52:10",435600
20.65,0.05,7700,"sd","10:48:49",435400
20.65,0.05,400,"sd","10:48:47",427700
20.65,0.05,3000,"sd","10:46:02",427300
20.65,0.05,3900,"bu","10:44:22",424300
20.65,0.05,6100,"sd","10:43:02",420400
20.65,0.05,2000,"sd","10:43:00",414300
20.65,0.05,300,"sd","10:42:56",412300
20.65,0.05,5000,"sd","10:42:16",412000
20.65,0.05,1600,"bu","10:40:50",407000
20.65,0.05,100,"sd","10:40:36",405400
20.65,0.05,100,"sd","10:40:33",405300
20.65,0.05,4800,"bu","10:40:18",405200
20.65,0.05,900,"sd","10:39:14",400400
20.65,0.05,500,"sd","10:38:43",399500
20.65,0.05,100,"sd","10:38:39",399000
20.65,0.05,100,"sd","10:38:37",398900
20.65,0.05,1300,"bu","10:36:29",398800
20.65,0.05,300,"bu","10:36:09",397500
20.65,0.05,30000,"bu","10:35:37",397200
20.65,0.05,100,"bu","10:34:49",367200
20.65,0.05,2000,"bu","10:33:03",367100
20.65,0.05,5000,"bu","10:31:19",365100
20.6,0,100,"sd","10:29:05",360100
20.6,0,16500,"bu","10:28:44",360000
20.55,-0.05,1300,"sd","10:28:32",343500
20.55,-0.05,300,"sd","10:28:00",342200
20.55,-0.05,800,"sd","10:27:38",341900
20.55,-0.05,1000,"sd","10:24:11",341100
20.6,0,600,"sd","10:22:55",340100
20.6,0,100,"sd","10:22:39",339500
20.55,-0.05,300,"sd","10:21:37",339400
20.6,0,2400,"bu","10:21:30",339100
20.6,0,2000,"bu","10:21:02",336700
20.55,-0.05,300,"sd","10:20:13",334700
20.6,0,1000,"bu","10:19:50",334400
20.6,0,1000,"bu","10:18:49",333400
20.6,0,19500,"sd","10:18:12",332400
20.6,0,500,"sd","10:15:47",312900
20.6,0,1000,"sd","10:15:31",312400
20.6,0,2000,"sd","10:13:57",311400
20.6,0,200,"sd","10:13:23",309400
20.6,0,11000,"sd","10:12:52",309200
20.6,0,500,"sd","10:12:35",298200
20.6,0,1000,"sd","10:11:53",297700
20.6,0,1100,"sd","10:11:21",296700
20.6,0,7000,"sd","10:11:02",295600
20.6,0,4200,"bu","10:08:17",288600
20.6,0,1900,"bu","10:07:24",284400
20.6,0,29000,"sd","10:05:44",282500
20.6,0,200,"sd","10:05:21",253500
20.6,0,1400,"sd","10:04:27",253300
20.6,0,2900,"sd","10:04:26",251900
20.65,0.05,300,"bu","10:04:24",249000
20.6,0,300,"sd","10:04:11",248700
20.6,0,2000,"sd","10:03:55",248400
20.6,0,2000,"sd","10:03:37",246400
20.6,0,1000,"sd","10:03:36",244400
20.6,0,3800,"sd","10:02:59",243400
20.6,0,1700,"sd","10:02:43",239600
20.6,0,100,"sd","10:02:19",237900
20.6,0,1000,"bu","10:02:12",237800
20.55,-0.05,300,"sd","10:01:48",236800
20.55,-0.05,1000,"sd","10:01:45",236500
20.55,-0.05,300,"sd","10:00:40",235500
20.55,-0.05,1500,"sd","09:59:14",235200
20.6,0,500,"bu","09:59:07",233700
20.55,-0.05,1000,"sd","09:58:17",233200
20.55,-0.05,5000,"bu","09:57:00",232200
20.55,-0.05,12500,"sd","09:56:42",227200
20.6,0,1900,"sd","09:56:42",214700
20.6,0,17500,"sd","09:54:50",212800
20.65,0.05,5000,"bu","09:54:49",195300
20.65,0.05,3000,"bu","09:54:42",190300
20.6,0,700,"sd","09:52:19",187300
20.6,0,300,"sd","09:52:17",186600
20.6,0,11300,"bu","09:51:02",186300
20.55,-0.05,2800,"sd","09:50:18",175000
20.6,0,22200,"sd","09:49:25",172200
20.6,0,300,"sd","09:49:24",150000
20.6,0,500,"sd","09:49:06",149700
20.6,0,300,"sd","09:48:45",149200
20.6,0,1000,"sd","09:48:34",148900
20.6,0,100,"sd","09:45:59",147900
20.65,0.05,200,"bu","09:44:59",147800
20.6,0,700,"sd","09:43:51",147600
20.6,0,10000,"sd","09:43:23",146900
20.6,0,6300,"sd","09:41:43",136900
20.6,0,3000,"sd","09:38:23",130600
20.6,0,2000,"sd","09:38:23",127600
20.6,0,500,"sd","09:36:20",125600
20.6,0,1000,"sd","09:33:52",125100
20.6,0,100,"sd","09:33:32",124100
20.6,0,1000,"sd","09:32:45",124000
20.6,0,1000,"sd","09:32:13",123000
20.6,0,500,"sd","09:31:56",122000
20.6,0,3000,"sd","09:31:48",121500
20.6,0,1300,"sd","09:31:33",118500
20.6,0,1000,"sd","09:31:28",117200
20.6,0,300,"sd","09:31:27",116200
20.6,0,2000,"sd","09:31:17",115900
20.6,0,3000,"sd","09:31:16",113900
20.6,0,1300,"sd","09:31:14",110900
20.6,0,100,"sd","09:30:59",109600
20.6,0,5400,"sd","09:30:29",109500
20.6,0,500,"sd","09:30:28",104100
20.6,0,1000,"sd","09:30:23",103600
20.6,0,900,"sd","09:29:57",102600
20.6,0,500,"sd","09:29:52",101700
20.6,0,5000,"sd","09:29:48",101200
20.6,0,300,"sd","09:29:43",96200
20.6,0,800,"sd","09:29:35",95900
20.6,0,300,"sd","09:28:36",95100
20.6,0,1000,"sd","09:28:26",94800
20.6,0,500,"sd","09:27:59",93800
20.6,0,1000,"sd","09:27:25",93300
20.65,0.05,1000,"bu","09:27:14",92300
20.65,0.05,100,"sd","09:26:44",91300
20.65,0.05,1000,"sd","09:26:09",91200
20.7,0.1,5000,"bu","09:25:46",90200
20.7,0.1,300,"bu","09:24:48",85200
20.65,0.05,100,"sd","09:23:44",84900
20.65,0.05,2000,"bu","09:22:51",84800
20.65,0.05,19800,"sd","09:22:42",82800
20.65,0.05,10300,"bu","09:21:10",63000
20.6,0,2500,"bu","09:18:49",52700
20.6,0,2500,"sd","09:18:44",50200
20.6,0,2000,"sd","09:18:24",47700
20.6,0,800,"bu","09:18:14",45700
20.6,0,2400,"bu","09:18:12",44900
20.6,0,900,"bu","09:18:08",42500
20.6,0,900,"bu","09:18:01",41600
20.6,0,900,"bu","09:17:56",40700
20.6,0,700,"sd","09:17:45",39800
20.6,0,15000,"sd","09:16:42",39100
20.65,0.05,900,"bu","09:16:15",24100
20.6,0,1000,"sd","09:16:14",23200
20.65,0.05,200,"bu","09:15:20",22200
20.6,0,22000,"","09:15:01",22000
