"symbol","time","price","change","vol","total","side"
"HDC","14:45:00",32.05,-0.6,65100,2750400,
"HDC","14:29:50",32.05,-0.6,2000,2685300,"B"
"HDC","14:29:49",32.1,-0.55,1000,2683300,"S"
"HDC","14:29:34",32.1,-0.55,300,2682300,"S"
"HDC","14:29:33",32.05,-0.6,1400,2682000,"B"
"HDC","14:29:29",32.05,-0.6,500,2680600,"B"
"HDC","14:29:19",32.1,-0.55,1000,2680100,"S"
"HDC","14:29:18",32.05,-0.6,2000,2679100,"B"
"HDC","14:29:17",32.05,-0.6,500,2677100,"B"
"HDC","14:29:03",32.05,-0.6,1800,2676600,"S"
"HDC","14:29:02",32.05,-0.6,500,2674800,"S"
"HDC","14:29:01",32.05,-0.6,300,2674300,"S"
"HDC","14:29:00",32.05,-0.6,500,2674000,"S"
"HDC","14:28:58",32.05,-0.6,300,2673500,"S"
"HDC","14:28:56",32.05,-0.6,2000,2673200,"S"
"HDC","14:28:49",32.05,-0.6,100,2671200,"S"
"HDC","14:28:46",32.05,-0.6,100,2671100,"S"
"HDC","14:28:45",32.05,-0.6,1400,2671000,"B"
"HDC","14:28:40",32.05,-0.6,5000,2669600,"B"
"HDC","14:28:38",32.1,-0.55,100,2664600,"S"
"HDC","14:28:27",32.05,-0.6,5200,2664500,"B"
"HDC","14:28:19",32.05,-0.6,100,2659300,"B"
"HDC","14:28:02",32.05,-0.6,200,2659200,"B"
"HDC","14:27:49",32.05,-0.6,100,2659000,"B"
"HDC","14:27:27",32.05,-0.6,200,2658900,"B"
"HDC","14:26:51",32.05,-0.6,1400,2658700,"B"
"HDC","14:26:36",32.05,-0.6,500,2657300,"B"
"HDC","14:26:33",32.05,-0.6,1200,2656800,"S"
"HDC","14:26:31",32,-0.65,1900,2655600,"B"
"HDC","14:26:30",32.05,-0.6,100,2653700,"S"
"HDC","14:26:27",32.05,-0.6,1600,2653600,"S"
"HDC","14:26:26",32.05,-0.6,500,2652000,"S"
"HDC","14:26:23",32.05,-0.6,3000,2651500,"S"
"HDC","14:26:19",32.05,-0.6,500,2648500,"S"
"HDC","14:26:18",32,-0.65,13000,2648000,"B"
"HDC","14:26:17",32.05,-0.6,2000,2635000,"S"
"HDC","14:26:10",32.05,-0.6,2000,2633000,"S"
"HDC","14:26:07",32.05,-0.6,3100,2631000,"S"
"HDC","14:26:06",32.05,-0.6,100,2627900,"S"
"HDC","14:26:06",32.05,-0.6,500,2627800,"S"
"HDC","14:26:03",32.05,-0.6,6500,2627300,"B"
"HDC","14:25:57",32.05,-0.6,1000,2620800,"B"
"HDC","14:25:55",32.05,-0.6,500,2619800,"B"
"HDC","14:25:51",32.05,-0.6,6000,2619300,"B"
"HDC","14:25:46",32.05,-0.6,600,2613300,"B"
"HDC","14:25:45",32.05,-0.6,600,2612700,"B"
"HDC","14:25:35",32.05,-0.6,5000,2612100,"B"
"HDC","14:25:11",32.05,-0.6,2000,2607100,"B"
"HDC","14:25:02",32.05,-0.6,500,2605100,"B"
"HDC","14:24:57",32.05,-0.6,500,2604600,"B"
"HDC","14:24:53",32.1,-0.55,500,2604100,"S"
"HDC","14:24:50",32.05,-0.6,5000,2603600,"B"
"HDC","14:24:47",32.05,-0.6,3000,2598600,"B"
"HDC","14:24:45",32.1,-0.55,300,2595600,"S"
"HDC","14:24:38",32.1,-0.55,200,2595300,"S"
"HDC","14:24:28",32.1,-0.55,200,2595100,"S"
"HDC","14:24:25",32.1,-0.55,100,2594900,"S"
"HDC","14:24:24",32.1,-0.55,300,2594800,"S"
"HDC","14:24:09",32.1,-0.55,1000,2594500,"S"
"HDC","14:23:46",32.1,-0.55,500,2593500,"S"
"HDC","14:23:37",32.05,-0.6,3600,2593000,"S"
"HDC","14:23:36",32.05,-0.6,300,2589400,"S"
"HDC","14:23:36",32.05,-0.6,500,2589100,"S"
"HDC","14:23:34",32.05,-0.6,500,2588600,"S"
"HDC","14:23:25",32.05,-0.6,500,2588100,"S"
"HDC","14:23:24",32.05,-0.6,5000,2587600,"S"
"HDC","14:23:21",32.05,-0.6,500,2582600,"S"
"HDC","14:23:21",32.05,-0.6,700,2582100,"S"
"HDC","14:23:20",32.05,-0.6,500,2581400,"S"
"HDC","14:23:18",32.05,-0.6,200,2580900,"S"
"HDC","14:23:16",32.05,-0.6,500,2580700,"S"
"HDC","14:23:15",32.05,-0.6,300,2580200,"S"
"HDC","14:23:14",32.05,-0.6,500,2579900,"S"
"HDC","14:23:13",32.05,-0.6,3000,2579400,"S"
"HDC","14:23:12",32.05,-0.6,300,2576400,"S"
"HDC","14:23:11",32.05,-0.6,700,2576100,"S"
"HDC","14:23:08",32.05,-0.6,2200,2575400,"S"
"HDC","14:23:07",32.05,-0.6,1000,2573200,"S"
"HDC","14:23:05",32.05,-0.6,2000,2572200,"S"
"HDC","14:23:04",32.05,-0.6,2000,2570200,"S"
"HDC","14:23:01",32.05,-0.6,700,2568200,"S"
"HDC","14:23:01",32.05,-0.6,100,2567500,"S"
"HDC","14:23:00",32.05,-0.6,19000,2567400,"S"
"HDC","14:22:57",32.05,-0.6,200,2548400,"S"
"HDC","14:22:52",32.05,-0.6,200,2548200,"S"
"HDC","14:22:48",32.05,-0.6,200,2548000,"S"
"HDC","14:22:47",32.05,-0.6,1400,2547800,"S"
"HDC","14:22:29",32.05,-0.6,1000,2546400,"S"
"HDC","14:22:13",32.05,-0.6,500,2545400,"S"
"HDC","14:22:11",32.05,-0.6,5000,2544900,"S"
"HDC","14:22:11",32,-0.65,5000,2539900,"B"
"HDC","14:22:06",32.05,-0.6,500,2534900,"S"
"HDC","14:22:05",32,-0.65,400,2534400,"B"
"HDC","14:22:04",32,-0.65,5000,2534000,"B"
"HDC","14:21:57",32,-0.65,300,2529000,"B"
"HDC","14:21:56",32,-0.65,2000,2528700,"B"
"HDC","14:21:50",32.05,-0.6,1000,2526700,"S"
"HDC","14:21:47",32,-0.65,300,2525700,"B"
"HDC","14:21:45",32,-0.65,2000,2525400,"B"
"HDC","14:21:41",32,-0.65,1000,2523400,"B"
"HDC","14:21:36",31.95,-0.7,4500,2522400,"B"
"HDC","14:21:36",32,-0.65,100,2517900,"B"
"HDC","14:21:34",32,-0.65,300,2517800,"B"
"HDC","14:21:31",32,-0.65,400,2517500,"B"
"HDC","14:21:29",32,-0.65,1200,2517100,"S"
"HDC","14:21:29",31.95,-0.7,100,2515900,"S"
"HDC","14:21:28",31.9,-0.75,3500,2515800,"B"
"HDC","14:21:28",31.9,-0.75,1100,2512300,"B"
"HDC","14:21:28",31.95,-0.7,1100,2511200,"B"
"HDC","14:21:21",32,-0.65,1000,2510100,"S"
"HDC","14:21:17",32,-0.65,200,2509100,"S"
"HDC","14:21:17",31.95,-0.7,8000,2508900,"B"
"HDC","14:21:13",32,-0.65,100,2500900,"S"
"HDC","14:21:10",32,-0.65,2000,2500800,"S"
"HDC","14:21:09",32,-0.65,5000,2498800,"S"
"HDC","14:21:07",32,-0.65,100,2493800,"S"
"HDC","14:21:00",32,-0.65,300,2493700,"S"
"HDC","14:20:51",32,-0.65,200,2493400,"S"
"HDC","14:20:50",32,-0.65,100,2493200,"S"
"HDC","14:20:46",32,-0.65,500,2493100,"S"
"HDC","14:20:46",31.9,-0.75,200,2492600,"B"
"HDC","14:20:46",31.95,-0.7,300,2492400,"B"
"HDC","14:20:45",31.9,-0.75,2400,2492100,"B"
"HDC","14:20:44",32,-0.65,3100,2472100,"B"
"HDC","14:20:43",32,-0.65,5000,2469000,"B"
"HDC","14:20:42",32.05,-0.6,300,2464000,"S"
"HDC","14:20:40",32,-0.65,3200,2463700,"B"
"HDC","14:20:39",32,-0.65,2000,2460500,"B"
"HDC","14:20:37",32,-0.65,800,2458500,"B"
"HDC","14:20:36",32,-0.65,68000,2457700,"B"
"HDC","14:20:32",32,-0.65,100,2389700,"B"
"HDC","14:20:29",32,-0.65,500,2389600,"B"
"HDC","14:20:28",32,-0.65,5800,2389100,"B"
"HDC","14:20:27",32.05,-0.6,1000,2383300,"S"
"HDC","14:20:24",32,-0.65,9100,2382300,"B"
"HDC","14:20:24",32,-0.65,14900,2373200,"B"
"HDC","14:20:19",32,-0.65,5000,2358300,"B"
"HDC","14:20:18",32,-0.65,1500,2353300,"B"
"HDC","14:20:16",32.05,-0.6,1000,2351800,"S"
"HDC","14:20:14",32,-0.65,3000,2350800,"B"
"HDC","14:20:12",32,-0.65,400,2347800,"B"
"HDC","14:20:09",32.05,-0.6,200,2347400,"S"
"HDC","14:20:07",32,-0.65,4200,2347200,"B"
"HDC","14:20:01",32,-0.65,24000,2343000,"B"
"HDC","14:19:55",32,-0.65,25600,2319000,"B"
"HDC","14:19:55",32.05,-0.6,1000,2293400,"S"
"HDC","14:19:52",32,-0.65,100,2292400,"B"
"HDC","14:19:44",32,-0.65,20100,2292300,"B"
"HDC","14:19:34",32,-0.65,1000,2272200,"B"
"HDC","14:19:33",32,-0.65,200,2271200,"B"
"HDC","14:19:33",32,-0.65,2000,2271000,"B"
"HDC","14:19:31",32.05,-0.6,500,2269000,"S"
"HDC","14:19:30",32.05,-0.6,5400,2268500,"B"
"HDC","14:19:29",32.05,-0.6,8500,2263100,"B"
"HDC","14:19:29",32.05,-0.6,1500,2254600,"B"
"HDC","14:19:27",32.05,-0.6,16500,2253100,"B"
"HDC","14:19:24",32.05,-0.6,2300,2236600,"B"
"HDC","14:19:23",32.05,-0.6,700,2234300,"B"
"HDC","14:19:23",32.1,-0.55,200,2233600,"S"
"HDC","14:19:23",32.05,-0.6,300,2233400,"B"
"HDC","14:19:20",32.05,-0.6,300,2233100,"B"
"HDC","14:19:20",32.05,-0.6,1300,2232800,"B"
"HDC","14:19:13",32.05,-0.6,25000,2231500,"B"
"HDC","14:19:11",32.05,-0.6,10000,2206500,"B"
"HDC","14:19:09",32.05,-0.6,1000,2196500,"B"
"HDC","14:19:05",32.05,-0.6,10000,2195500,"B"
"HDC","14:19:00",32.1,-0.55,1200,2185500,"S"
"HDC","14:18:57",32.05,-0.6,200,2184300,"B"
"HDC","14:18:53",32.05,-0.6,4000,2184100,"B"
"HDC","14:18:50",32.05,-0.6,1000,2180100,"B"
"HDC","14:18:41",32.1,-0.55,200,2179100,"S"
"HDC","14:18:36",32.05,-0.6,700,2178900,"B"
"HDC","14:18:35",32.1,-0.55,10000,2178200,"S"
"HDC","14:18:24",32.1,-0.55,500,2168200,"S"
"HDC","14:18:20",32.05,-0.6,4500,2167700,"B"
"HDC","14:18:17",32.1,-0.55,100,2163200,"S"
"HDC","14:18:07",32.1,-0.55,100,2163100,"S"
"HDC","14:17:51",32.1,-0.55,500,2163000,"S"
"HDC","14:17:38",32.1,-0.55,500,2162500,"S"
"HDC","14:17:26",32.05,-0.6,1000,2162000,"B"
"HDC","14:17:24",32.1,-0.55,2300,2161000,"S"
"HDC","14:17:17",32.1,-0.55,500,2158700,"S"
"HDC","14:17:16",32.1,-0.55,500,2158200,"S"
"HDC","14:17:16",32.1,-0.55,200,2157700,"S"
"HDC","14:17:13",32.1,-0.55,2000,2157500,"S"
"HDC","14:17:12",32.1,-0.55,200,2155500,"S"
"HDC","14:17:11",32.05,-0.6,1100,2155300,"B"
"HDC","14:17:10",32.05,-0.6,2500,2154200,"B"
"HDC","14:16:50",32.1,-0.55,100,2151700,"S"
"HDC","14:16:48",32.1,-0.55,22500,2151600,"B"
"HDC","14:16:47",32.1,-0.55,15000,2129100,"B"
"HDC","14:16:44",32.1,-0.55,900,2114100,"B"
"HDC","14:16:40",32.15,-0.5,3000,2113200,"S"
"HDC","14:16:40",32.1,-0.55,2900,2110200,"B"
"HDC","14:16:39",32.1,-0.55,30000,2107300,"B"
"HDC","14:16:36",32.1,-0.55,700,2077300,"B"
"HDC","14:16:23",32.1,-0.55,2000,2076600,"B"
"HDC","14:16:09",32.1,-0.55,50000,2074600,"B"
"HDC","14:15:57",32.15,-0.5,200,2024600,"S"
"HDC","14:15:30",32.15,-0.5,1900,2024400,"B"
"HDC","14:15:29",32.15,-0.5,100,2022500,"S"
"HDC","14:15:24",32.15,-0.5,600,2022400,"B"
"HDC","14:15:21",32.15,-0.5,9500,2021800,"B"
"HDC","14:15:19",32.15,-0.5,10000,2012300,"B"
"HDC","14:15:06",32.15,-0.5,1000,2002300,"B"
"HDC","14:14:57",32.2,-0.45,300,2001300,"S"
"HDC","14:14:48",32.15,-0.5,600,2001000,"B"
"HDC","14:14:41",32.15,-0.5,1000,2000400,"B"
"HDC","14:14:28",32.15,-0.5,15000,1999400,"B"
"HDC","14:14:19",32.15,-0.5,5000,1984400,"B"
"HDC","14:14:14",32.15,-0.5,5000,1979400,"B"
"HDC","14:14:01",32.15,-0.5,900,1974400,"B"
"HDC","14:14:01",32.2,-0.45,4100,1973500,"B"
"HDC","14:13:56",32.2,-0.45,6000,1969400,"B"
"HDC","14:13:55",32.2,-0.45,1400,1963400,"B"
"HDC","14:13:54",32.2,-0.45,2000,1962000,"B"
"HDC","14:13:51",32.2,-0.45,10000,1960000,"B"
"HDC","14:13:40",32.2,-0.45,800,1950000,"B"
"HDC","14:13:38",32.25,-0.4,100,1949200,"S"
"HDC","14:13:03",32.25,-0.4,1100,1949100,"B"
"HDC","14:13:03",32.25,-0.4,25000,1948000,"B"
"HDC","14:13:01",32.3,-0.35,300,1923000,"S"
"HDC","14:12:52",32.25,-0.4,1000,1922700,"B"
"HDC","14:12:39",32.3,-0.35,200,1921700,"S"
"HDC","14:11:41",32.3,-0.35,700,1921500,"B"
"HDC","14:11:38",32.3,-0.35,5300,1920800,"S"
"HDC","14:11:29",32.3,-0.35,1000,1915500,"S"
"HDC","14:11:26",32.3,-0.35,200,1914500,"S"
"HDC","14:11:15",32.25,-0.4,1000,1914300,"B"
"HDC","14:11:13",32.3,-0.35,200,1913300,"S"
"HDC","14:11:10",32.3,-0.35,500,1913100,"S"
"HDC","14:11:10",32.3,-0.35,500,1912600,"S"
"HDC","14:11:01",32.25,-0.4,300,1912100,"B"
"HDC","14:10:46",32.25,-0.4,500,1911800,"B"
"HDC","14:10:33",32.3,-0.35,200,1911300,"S"
"HDC","14:09:59",32.3,-0.35,500,1911100,"S"
"HDC","14:09:38",32.3,-0.35,1000,1910600,"S"
"HDC","14:09:32",32.3,-0.35,200,1909600,"S"
"HDC","14:09:24",32.3,-0.35,200,1909400,"S"
"HDC","14:08:50",32.3,-0.35,200,1909200,"S"
"HDC","14:08:46",32.3,-0.35,1000,1909000,"S"
"HDC","14:08:28",32.3,-0.35,500,1908000,"S"
"HDC","14:08:26",32.3,-0.35,400,1907500,"S"
"HDC","14:08:20",32.3,-0.35,500,1907100,"S"
"HDC","14:08:10",32.3,-0.35,100,1906600,"S"
"HDC","14:08:02",32.3,-0.35,300,1906500,"S"
"HDC","14:07:58",32.3,-0.35,400,1906200,"S"
"HDC","14:07:55",32.3,-0.35,100,1905800,"S"
"HDC","14:07:48",32.3,-0.35,1000,1905700,"S"
"HDC","14:07:42",32.3,-0.35,5000,1904700,"S"
"HDC","14:07:36",32.3,-0.35,400,1899700,"S"
"HDC","14:07:26",32.3,-0.35,200,1899300,"S"
"HDC","14:07:23",32.3,-0.35,200,1899100,"S"
"HDC","14:07:17",32.3,-0.35,100,1898900,"S"
"HDC","14:07:13",32.25,-0.4,800,1898800,"B"
"HDC","14:06:58",32.3,-0.35,1000,1898000,"S"
"HDC","14:06:44",32.3,-0.35,1800,1897000,"S"
"HDC","14:06:43",32.3,-0.35,300,1895200,"S"
"HDC","14:06:27",32.3,-0.35,300,1894900,"S"
"HDC","14:05:54",32.3,-0.35,200,1894600,"S"
"HDC","14:05:47",32.3,-0.35,100,1894400,"S"
"HDC","14:05:44",32.3,-0.35,100,1894300,"S"
"HDC","14:05:40",32.3,-0.35,5000,1894200,"S"
"HDC","14:05:29",32.3,-0.35,200,1889200,"S"
"HDC","14:05:24",32.3,-0.35,1000,1889000,"S"
"HDC","14:05:20",32.3,-0.35,100,1888000,"S"
"HDC","14:05:10",32.3,-0.35,1000,1887900,"S"
"HDC","14:05:05",32.3,-0.35,5000,1886900,"S"
"HDC","14:04:42",32.3,-0.35,36600,1881900,"S"
"HDC","14:04:42",32.25,-0.4,3400,1845300,"S"
"HDC","14:04:36",32.25,-0.4,100,1841900,"S"
"HDC","14:04:29",32.25,-0.4,1000,1841800,"S"
"HDC","14:04:19",32.25,-0.4,2000,1840800,"S"
"HDC","14:04:16",32.25,-0.4,1000,1838800,"S"
"HDC","14:04:14",32.25,-0.4,500,1837800,"S"
"HDC","14:03:55",32.25,-0.4,1000,1837300,"S"
"HDC","14:03:52",32.25,-0.4,100,1836300,"S"
"HDC","14:03:24",32.25,-0.4,3200,1836200,"B"
"HDC","14:03:19",32.25,-0.4,1000,1833000,"B"
"HDC","14:02:59",32.25,-0.4,300,1832000,"S"
"HDC","14:02:58",32.25,-0.4,5000,1831700,"S"
"HDC","14:02:56",32.25,-0.4,2000,1826700,"S"
"HDC","14:02:53",32.25,-0.4,2000,1824700,"S"
"HDC","14:02:49",32.25,-0.4,700,1822700,"B"
"HDC","14:02:47",32.25,-0.4,500,1822000,"B"
"HDC","14:02:36",32.25,-0.4,200,1821500,"B"
"HDC","14:02:33",32.25,-0.4,800,1821300,"S"
"HDC","14:02:24",32.2,-0.45,100,1820500,"B"
"HDC","14:02:10",32.2,-0.45,10000,1820400,"B"
"HDC","14:01:58",32.2,-0.45,200,1810400,"B"
"HDC","14:01:36",32.2,-0.45,10000,1810200,"B"
"HDC","14:01:10",32.2,-0.45,500,1800200,"B"
"HDC","14:01:01",32.2,-0.45,1200,1799700,"B"
"HDC","14:00:58",32.2,-0.45,100,1798500,"B"
"HDC","14:00:34",32.2,-0.45,100,1798400,"B"
"HDC","14:00:31",32.2,-0.45,500,1798300,"B"
"HDC","14:00:10",32.2,-0.45,5000,1797800,"B"
"HDC","14:00:01",32.2,-0.45,100,1792800,"B"
"HDC","13:59:51",32.2,-0.45,5000,1792700,"B"
"HDC","13:59:30",32.2,-0.45,100,1787700,"B"
"HDC","13:59:11",32.25,-0.4,500,1787600,"S"
"HDC","13:59:04",32.25,-0.4,700,1787100,"S"
"HDC","13:58:56",32.25,-0.4,100,1786400,"S"
"HDC","13:58:54",32.25,-0.4,100,1786300,"S"
"HDC","13:58:45",32.25,-0.4,2300,1786200,"B"
"HDC","13:57:59",32.25,-0.4,3000,1783900,"B"
"HDC","13:57:58",32.25,-0.4,500,1780900,"B"
"HDC","13:57:52",32.25,-0.4,300,1780400,"B"
"HDC","13:57:41",32.25,-0.4,800,1780100,"B"
"HDC","13:57:39",32.25,-0.4,500,1779300,"B"
"HDC","13:57:19",32.25,-0.4,300,1778800,"B"
"HDC","13:56:33",32.25,-0.4,500,1778500,"B"
"HDC","13:56:10",32.25,-0.4,1100,1778000,"B"
"HDC","13:56:01",32.25,-0.4,400,1776900,"B"
"HDC","13:55:55",32.25,-0.4,100,1776500,"B"
"HDC","13:55:50",32.25,-0.4,1300,1776400,"S"
"HDC","13:55:39",32.25,-0.4,700,1775100,"B"
"HDC","13:55:20",32.25,-0.4,400,1774400,"S"
"HDC","13:54:37",32.25,-0.4,2600,1774000,"B"
"HDC","13:54:35",32.25,-0.4,1500,1771400,"B"
"HDC","13:54:26",32.25,-0.4,2300,1769900,"B"
"HDC","13:54:21",32.25,-0.4,5500,1767600,"B"
"HDC","13:53:36",32.25,-0.4,200,1762100,"S"
"HDC","13:53:32",32.25,-0.4,100,1761900,"S"
"HDC","13:53:25",32.25,-0.4,1000,1761800,"S"
"HDC","13:53:14",32.25,-0.4,1000,1760800,"S"
"HDC","13:53:05",32.25,-0.4,700,1759800,"S"
"HDC","13:52:17",32.3,-0.35,100,1759100,"S"
"HDC","13:52:11",32.25,-0.4,1600,1759000,"B"
"HDC","13:52:01",32.25,-0.4,200,1757400,"B"
"HDC","13:51:55",32.25,-0.4,200,1757200,"B"
"HDC","13:51:41",32.25,-0.4,200,1757000,"B"
"HDC","13:51:34",32.25,-0.4,200,1756800,"B"
"HDC","13:50:30",32.25,-0.4,1000,1756600,"B"
"HDC","13:50:26",32.25,-0.4,2600,1755600,"S"
"HDC","13:49:48",32.25,-0.4,100,1753000,"S"
"HDC","13:49:44",32.25,-0.4,400,1752900,"S"
"HDC","13:49:41",32.2,-0.45,1200,1752500,"B"
"HDC","13:49:40",32.2,-0.45,1300,1751300,"B"
"HDC","13:48:51",32.2,-0.45,800,1750000,"B"
"HDC","13:48:47",32.25,-0.4,1000,1749200,"S"
"HDC","13:48:30",32.25,-0.4,600,1748200,"S"
"HDC","13:48:19",32.2,-0.45,2000,1747600,"B"
"HDC","13:47:12",32.25,-0.4,1400,1745600,"S"
"HDC","13:47:00",32.25,-0.4,100,1744200,"S"
"HDC","13:46:54",32.25,-0.4,100,1744100,"S"
"HDC","13:46:48",32.25,-0.4,200,1744000,"S"
"HDC","13:46:36",32.25,-0.4,300,1743800,"S"
"HDC","13:46:31",32.2,-0.45,200,1743500,"B"
"HDC","13:45:53",32.2,-0.45,9500,1743300,"B"
"HDC","13:45:51",32.25,-0.4,2000,1733800,"S"
"HDC","13:45:42",32.25,-0.4,1000,1731800,"S"
"HDC","13:44:11",32.2,-0.45,1200,1730800,"S"
"HDC","13:43:59",32.2,-0.45,2000,1729600,"S"
"HDC","13:43:41",32.2,-0.45,200,1727600,"S"
"HDC","13:43:27",32.2,-0.45,100,1727400,"S"
"HDC","13:43:18",32.2,-0.45,600,1727300,"S"
"HDC","13:42:53",32.2,-0.45,500,1726700,"S"
"HDC","13:42:52",32.2,-0.45,1000,1726200,"S"
"HDC","13:42:50",32.2,-0.45,3000,1725200,"S"
"HDC","13:42:43",32.2,-0.45,2000,1722200,"S"
"HDC","13:42:29",32.2,-0.45,300,1720200,"S"
"HDC","13:42:26",32.2,-0.45,200,1719900,"S"
"HDC","13:42:25",32.2,-0.45,300,1719700,"S"
"HDC","13:42:11",32.2,-0.45,100,1719400,"S"
"HDC","13:41:57",32.15,-0.5,1000,1719300,"B"
"HDC","13:41:14",32.15,-0.5,900,1718300,"B"
"HDC","13:41:01",32.2,-0.45,500,1717400,"S"
"HDC","13:40:46",32.2,-0.45,11300,1716900,"B"
"HDC","13:40:27",32.2,-0.45,1400,1705600,"B"
"HDC","13:40:22",32.25,-0.4,1600,1704200,"S"
"HDC","13:39:45",32.2,-0.45,1000,1702600,"B"
"HDC","13:39:28",32.2,-0.45,100,1701600,"B"
"HDC","13:39:27",32.2,-0.45,2900,1701500,"S"
"HDC","13:39:06",32.15,-0.5,1000,1698600,"B"
"HDC","13:39:03",32.15,-0.5,300,1697600,"B"
"HDC","13:37:52",32.15,-0.5,900,1697300,"S"
"HDC","13:37:51",32.15,-0.5,100,1696400,"S"
"HDC","13:37:44",32.15,-0.5,400,1696300,"S"
"HDC","13:37:39",32.15,-0.5,500,1695900,"S"
"HDC","13:37:36",32.15,-0.5,100,1695400,"S"
"HDC","13:37:32",32.15,-0.5,500,1695300,"S"
"HDC","13:37:26",32.1,-0.55,4500,1694800,"B"
"HDC","13:37:20",32.15,-0.5,200,1690300,"S"
"HDC","13:37:17",32.15,-0.5,100,1690100,"S"
"HDC","13:37:10",32.1,-0.55,1000,1690000,"B"
"HDC","13:37:03",32.1,-0.55,1800,1689000,"B"
"HDC","13:36:52",32.15,-0.5,100,1687200,"S"
"HDC","13:36:46",32.15,-0.5,500,1687100,"S"
"HDC","13:36:33",32.1,-0.55,5000,1686600,"B"
"HDC","13:36:22",32.15,-0.5,3000,1681600,"S"
"HDC","13:36:15",32.15,-0.5,2000,1678600,"S"
"HDC","13:35:49",32.15,-0.5,1700,1676600,"S"
"HDC","13:35:49",32.15,-0.5,100,1674900,"S"
"HDC","13:35:46",32.15,-0.5,500,1674800,"S"
"HDC","13:35:40",32.15,-0.5,200,1674300,"S"
"HDC","13:35:36",32.15,-0.5,500,1674100,"S"
"HDC","13:35:28",32.15,-0.5,100,1673600,"S"
"HDC","13:35:27",32.15,-0.5,100,1673500,"S"
"HDC","13:35:25",32.15,-0.5,500,1673400,"S"
"HDC","13:35:24",32.15,-0.5,1000,1672900,"S"
"HDC","13:35:23",32.15,-0.5,3000,1671900,"S"
"HDC","13:35:22",32.15,-0.5,1000,1668900,"S"
"HDC","13:35:15",32.15,-0.5,1000,1667900,"S"
"HDC","13:35:14",32.15,-0.5,500,1666900,"S"
"HDC","13:35:04",32.15,-0.5,600,1666400,"S"
"HDC","13:35:00",32.15,-0.5,1000,1665800,"S"
"HDC","13:34:46",32.15,-0.5,200,1664800,"S"
"HDC","13:34:44",32.15,-0.5,1000,1664600,"S"
"HDC","13:34:43",32.15,-0.5,1000,1663600,"S"
"HDC","13:34:28",32.15,-0.5,100,1662600,"S"
"HDC","13:34:26",32.15,-0.5,500,1662500,"S"
"HDC","13:34:10",32.15,-0.5,1000,1662000,"S"
"HDC","13:34:07",32.15,-0.5,200,1661000,"S"
"HDC","13:34:04",32.15,-0.5,4600,1660800,"B"
"HDC","13:34:01",32.15,-0.5,500,1656200,"B"
"HDC","13:33:59",32.15,-0.5,13300,1655700,"B"
"HDC","13:33:51",32.2,-0.45,100,1642400,"S"
"HDC","13:33:39",32.2,-0.45,300,1642300,"S"
"HDC","13:33:17",32.2,-0.45,10800,1642000,"B"
"HDC","13:33:08",32.2,-0.45,1000,1631200,"B"
"HDC","13:33:07",32.25,-0.4,100,1630200,"S"
"HDC","13:32:42",32.25,-0.4,9200,1630100,"B"
"HDC","13:32:27",32.3,-0.35,700,1620900,"S"
"HDC","13:32:20",32.3,-0.35,1000,1620200,"S"
"HDC","13:32:00",32.3,-0.35,100,1619200,"S"
"HDC","13:31:02",32.25,-0.4,700,1619100,"S"
"HDC","13:30:49",32.2,-0.45,2000,1618400,"B"
"HDC","13:30:37",32.2,-0.45,1200,1616400,"B"
"HDC","13:30:04",32.15,-0.5,4900,1615200,"B"
"HDC","13:30:04",32.2,-0.45,1600,1610300,"B"
"HDC","13:30:04",32.2,-0.45,400,1608700,"S"
"HDC","13:30:03",32.2,-0.45,1000,1608300,"S"
"HDC","13:29:59",32.2,-0.45,1000,1607300,"S"
"HDC","13:29:31",32.15,-0.5,3200,1606300,"S"
"HDC","13:29:30",32.15,-0.5,1000,1603100,"S"
"HDC","13:29:29",32.15,-0.5,1600,1602100,"S"
"HDC","13:29:26",32.15,-0.5,200,1600500,"S"
"HDC","13:29:24",32.15,-0.5,100,1600300,"S"
"HDC","13:29:23",32.15,-0.5,100,1600200,"S"
"HDC","13:29:22",32.15,-0.5,2000,1600100,"S"
"HDC","13:29:18",32.15,-0.5,200,1598100,"S"
"HDC","13:29:17",32.15,-0.5,1600,1597900,"S"
"HDC","13:29:16",32.15,-0.5,1000,1596300,"S"
"HDC","13:29:12",32.15,-0.5,1200,1595300,"S"
"HDC","13:29:09",32.15,-0.5,2100,1594100,"S"
"HDC","13:29:05",32.15,-0.5,1000,1592000,"S"
"HDC","13:29:04",32.15,-0.5,300,1591000,"S"
"HDC","13:28:58",32.15,-0.5,600,1590700,"S"
"HDC","13:28:56",32.1,-0.55,10000,1590100,"B"
"HDC","13:28:56",32.15,-0.5,1000,1580100,"S"
"HDC","13:28:55",32.15,-0.5,100,1579100,"S"
"HDC","13:28:49",32.1,-0.55,300,1579000,"B"
"HDC","13:28:47",32.15,-0.5,200,1578700,"S"
"HDC","13:28:46",32.15,-0.5,10000,1578500,"S"
"HDC","13:28:36",32.1,-0.55,1000,1568500,"S"
"HDC","13:28:34",32.1,-0.55,1000,1567500,"S"
"HDC","13:28:33",32.1,-0.55,1000,1566500,"S"
"HDC","13:28:32",32.1,-0.55,300,1565500,"S"
"HDC","13:28:31",32.1,-0.55,5200,1565200,"S"
"HDC","13:28:29",32.1,-0.55,2000,1560000,"S"
"HDC","13:28:28",32.1,-0.55,2000,1558000,"S"
"HDC","13:28:27",32.1,-0.55,1000,1556000,"S"
"HDC","13:28:27",32.1,-0.55,2000,1555000,"S"
"HDC","13:28:18",32.1,-0.55,2100,1553000,"S"
"HDC","13:28:14",32.1,-0.55,900,1550900,"S"
"HDC","13:28:12",32.1,-0.55,5000,1550000,"S"
"HDC","13:28:11",32.1,-0.55,1000,1545000,"S"
"HDC","13:28:10",32.1,-0.55,500,1544000,"S"
"HDC","13:28:09",32.1,-0.55,100,1543500,"S"
"HDC","13:28:08",32.1,-0.55,500,1543400,"S"
"HDC","13:28:07",32.05,-0.6,2500,1542900,"B"
"HDC","13:28:07",32.1,-0.55,5000,1540400,"S"
"HDC","13:28:06",32.1,-0.55,20000,1535400,"S"
"HDC","13:28:04",32.1,-0.55,400,1515400,"S"
"HDC","13:28:03",32.1,-0.55,5000,1515000,"S"
"HDC","13:28:01",32.1,-0.55,3000,1510000,"S"
"HDC","13:28:01",32.1,-0.55,1000,1507000,"S"
"HDC","13:28:00",32.1,-0.55,300,1506000,"S"
"HDC","13:28:00",32.1,-0.55,5000,1505700,"S"
"HDC","13:27:58",32.1,-0.55,200,1500700,"S"
"HDC","13:27:58",32.1,-0.55,100,1500500,"S"
"HDC","13:27:56",32.1,-0.55,3000,1500400,"S"
"HDC","13:27:55",32.1,-0.55,100,1497400,"S"
"HDC","13:27:52",32.1,-0.55,200,1497300,"S"
"HDC","13:27:49",32.1,-0.55,200,1497100,"S"
"HDC","13:27:41",32.1,-0.55,1000,1496900,"S"
"HDC","13:27:40",32.1,-0.55,400,1495900,"S"
"HDC","13:27:39",32.1,-0.55,200,1495500,"S"
"HDC","13:27:37",32.1,-0.55,500,1495300,"S"
"HDC","13:27:32",32.1,-0.55,900,1494800,"S"
"HDC","13:27:29",32.1,-0.55,100,1493900,"S"
"HDC","13:27:27",32.1,-0.55,400,1493800,"S"
"HDC","13:27:22",32.1,-0.55,100,1493400,"S"
"HDC","13:27:21",32.1,-0.55,500,1493300,"S"
"HDC","13:27:15",32.1,-0.55,2000,1492800,"S"
"HDC","13:27:01",32.1,-0.55,119200,1490800,"B"
"HDC","13:26:58",32.15,-0.5,200,1371600,"S"
"HDC","13:26:51",32.15,-0.5,100,1371400,"S"
"HDC","13:26:46",32.1,-0.55,300,1371300,"B"
"HDC","13:26:41",32.15,-0.5,500,1371000,"S"
"HDC","13:26:35",32.1,-0.55,500,1370500,"B"
"HDC","13:26:18",32.1,-0.55,1000,1370000,"B"
"HDC","13:26:15",32.15,-0.5,100,1369000,"S"
"HDC","13:26:13",32.15,-0.5,100,1368900,"S"
"HDC","13:26:07",32.15,-0.5,200,1368800,"S"
"HDC","13:26:06",32.1,-0.55,1000,1368600,"B"
"HDC","13:25:58",32.15,-0.5,3500,1367600,"S"
"HDC","13:25:52",32.15,-0.5,500,1364100,"S"
"HDC","13:25:51",32.15,-0.5,200,1363600,"S"
"HDC","13:25:50",32.15,-0.5,300,1363400,"S"
"HDC","13:25:49",32.1,-0.55,300,1363100,"B"
"HDC","13:25:48",32.15,-0.5,100,1362800,"S"
"HDC","13:25:41",32.15,-0.5,500,1362700,"S"
"HDC","13:25:09",32.1,-0.55,2000,1362200,"B"
"HDC","13:24:56",32.15,-0.5,200,1360200,"S"
"HDC","13:24:46",32.1,-0.55,700,1360000,"B"
"HDC","13:24:35",32.1,-0.55,22000,1359300,"B"
"HDC","13:24:19",32.1,-0.55,1900,1337300,"B"
"HDC","13:24:18",32.1,-0.55,2000,1335400,"B"
"HDC","13:24:08",32.1,-0.55,3800,1333400,"B"
"HDC","13:23:54",32.1,-0.55,100,1329600,"B"
"HDC","13:23:53",32.1,-0.55,5000,1329500,"B"
"HDC","13:23:34",32.15,-0.5,500,1324500,"S"
"HDC","13:23:18",32.15,-0.5,500,1324000,"S"
"HDC","13:23:02",32.1,-0.55,3000,1323500,"B"
"HDC","13:22:54",32.1,-0.55,500,1320500,"B"
"HDC","13:22:46",32.1,-0.55,5400,1320000,"B"
"HDC","13:22:40",32.1,-0.55,20000,1314600,"B"
"HDC","13:22:39",32.1,-0.55,2000,1294600,"B"
"HDC","13:22:36",32.1,-0.55,6000,1292600,"B"
"HDC","13:22:32",32.15,-0.5,2000,1286600,"S"
"HDC","13:22:27",32.15,-0.5,1000,1284600,"S"
"HDC","13:22:19",32.15,-0.5,8400,1283600,"B"
"HDC","13:22:18",32.15,-0.5,5000,1275200,"B"
"HDC","13:22:14",32.15,-0.5,33600,1270200,"B"
"HDC","13:22:10",32.15,-0.5,100,1236600,"B"
"HDC","13:22:06",32.15,-0.5,3100,1236500,"B"
"HDC","13:21:53",32.15,-0.5,1700,1233400,"B"
"HDC","13:21:48",32.15,-0.5,6000,1231700,"B"
"HDC","13:21:44",32.15,-0.5,1000,1225700,"B"
"HDC","13:21:35",32.15,-0.5,5000,1224700,"B"
"HDC","13:21:32",32.15,-0.5,10000,1219700,"B"
"HDC","13:21:27",32.15,-0.5,500,1209700,"B"
"HDC","13:21:25",32.15,-0.5,200,1209200,"B"
"HDC","13:21:22",32.15,-0.5,3000,1209000,"B"
"HDC","13:21:20",32.15,-0.5,15200,1206000,"B"
"HDC","13:21:06",32.15,-0.5,200,1190800,"B"
"HDC","13:21:04",32.2,-0.45,700,1190600,"S"
"HDC","13:21:02",32.15,-0.5,500,1189900,"B"
"HDC","13:21:00",32.15,-0.5,5000,1189400,"B"
"HDC","13:20:57",32.15,-0.5,5000,1184400,"B"
"HDC","13:20:37",32.15,-0.5,300,1179400,"B"
"HDC","13:20:24",32.15,-0.5,17000,1179100,"B"
"HDC","13:20:14",32.15,-0.5,7000,1162100,"B"
"HDC","13:20:09",32.15,-0.5,1200,1155100,"B"
"HDC","13:19:56",32.2,-0.45,500,1153900,"S"
"HDC","13:19:53",32.2,-0.45,10000,1153400,"S"
"HDC","13:19:45",32.2,-0.45,400,1143400,"S"
"HDC","13:19:33",32.2,-0.45,100,1143000,"S"
"HDC","13:19:19",32.2,-0.45,5000,1142900,"S"
"HDC","13:19:17",32.15,-0.5,100,1137900,"B"
"HDC","13:18:45",32.2,-0.45,300,1137800,"S"
"HDC","13:18:27",32.15,-0.5,200,1137500,"B"
"HDC","13:18:21",32.2,-0.45,13200,1137300,"B"
"HDC","13:18:13",32.2,-0.45,1000,1124100,"B"
"HDC","13:18:09",32.2,-0.45,2000,1123100,"B"
"HDC","13:18:02",32.2,-0.45,300,1121100,"B"
"HDC","13:17:57",32.2,-0.45,1100,1120800,"B"
"HDC","13:17:47",32.2,-0.45,2500,1119700,"B"
"HDC","13:17:31",32.2,-0.45,200,1117200,"B"
"HDC","13:16:59",32.2,-0.45,2000,1117000,"B"
"HDC","13:16:58",32.2,-0.45,1400,1115000,"S"
"HDC","13:16:53",32.2,-0.45,300,1113600,"B"
"HDC","13:16:48",32.2,-0.45,2700,1113300,"S"
"HDC","13:16:46",32.2,-0.45,300,1110600,"B"
"HDC","13:16:45",32.2,-0.45,800,1110300,"S"
"HDC","13:16:44",32.2,-0.45,1200,1109500,"B"
"HDC","13:16:19",32.2,-0.45,800,1108300,"S"
"HDC","13:16:14",32.2,-0.45,400,1107500,"S"
"HDC","13:16:13",32.2,-0.45,500,1107100,"S"
"HDC","13:16:08",32.2,-0.45,1000,1106600,"S"
"HDC","13:16:07",32.2,-0.45,600,1105600,"S"
"HDC","13:16:01",32.2,-0.45,27000,1105000,"S"
"HDC","13:15:59",32.2,-0.45,1000,1078000,"S"
"HDC","13:15:52",32.2,-0.45,100,1077000,"S"
"HDC","13:15:48",32.2,-0.45,800,1076900,"S"
"HDC","13:15:26",32.2,-0.45,100,1076100,"S"
"HDC","13:15:21",32.15,-0.5,500,1076000,"B"
"HDC","13:15:12",32.2,-0.45,400,1075500,"S"
"HDC","13:15:02",32.15,-0.5,400,1075100,"B"
"HDC","13:14:50",32.15,-0.5,200,1074700,"B"
"HDC","13:13:46",32.15,-0.5,200,1074500,"B"
"HDC","13:13:28",32.15,-0.5,3100,1074300,"B"
"HDC","13:13:14",32.15,-0.5,100,1071200,"B"
"HDC","13:12:58",32.15,-0.5,1300,1071100,"S"
"HDC","13:12:57",32.15,-0.5,1000,1069800,"S"
"HDC","13:12:52",32.15,-0.5,500,1068800,"S"
"HDC","13:12:48",32.15,-0.5,500,1068300,"S"
"HDC","13:12:40",32.15,-0.5,600,1067800,"S"
"HDC","13:12:37",32.15,-0.5,1000,1067200,"S"
"HDC","13:12:32",32.15,-0.5,500,1066200,"S"
"HDC","13:12:27",32.15,-0.5,2000,1065700,"S"
"HDC","13:12:26",32.15,-0.5,9600,1063700,"B"
"HDC","13:12:13",32.2,-0.45,300,1054100,"S"
"HDC","13:11:34",32.15,-0.5,900,1053800,"B"
"HDC","13:11:26",32.15,-0.5,900,1052900,"S"
"HDC","13:11:25",32.15,-0.5,1100,1052000,"S"
"HDC","13:11:24",32.15,-0.5,500,1050900,"S"
"HDC","13:11:21",32.15,-0.5,100,1050400,"S"
"HDC","13:11:19",32.15,-0.5,100,1050300,"S"
"HDC","13:11:17",32.15,-0.5,100,1050200,"S"
"HDC","13:11:16",32.15,-0.5,700,1050100,"S"
"HDC","13:11:15",32.15,-0.5,1000,1049400,"S"
"HDC","13:11:14",32.15,-0.5,200,1048400,"S"
"HDC","13:11:12",32.15,-0.5,600,1048200,"S"
"HDC","13:11:11",32.15,-0.5,100,1047600,"S"
"HDC","13:11:10",32.15,-0.5,5000,1047500,"S"
"HDC","13:11:07",32.15,-0.5,2000,1042500,"S"
"HDC","13:11:02",32.15,-0.5,400,1040500,"S"
"HDC","13:11:00",32.15,-0.5,1000,1040100,"S"
"HDC","13:10:54",32.15,-0.5,100,1039100,"S"
"HDC","13:10:48",32.15,-0.5,100,1039000,"S"
"HDC","13:10:40",32.15,-0.5,100,1038900,"S"
"HDC","13:10:36",32.15,-0.5,14400,1038800,"B"
"HDC","13:10:20",32.15,-0.5,5000,1024400,"B"
"HDC","13:09:58",32.15,-0.5,5000,1019400,"B"
"HDC","13:09:54",32.2,-0.45,2000,1014400,"S"
"HDC","13:09:40",32.2,-0.45,100,1012400,"S"
"HDC","13:08:56",32.15,-0.5,300,1012300,"B"
"HDC","13:08:56",32.2,-0.45,100,1012000,"S"
"HDC","13:08:50",32.2,-0.45,500,1011900,"S"
"HDC","13:08:46",32.2,-0.45,1000,1011400,"S"
"HDC","13:08:43",32.15,-0.5,3000,1010400,"B"
"HDC","13:08:41",32.15,-0.5,700,1007400,"B"
"HDC","13:08:40",32.2,-0.45,500,1006700,"S"
"HDC","13:08:39",32.2,-0.45,100,1006200,"S"
"HDC","13:08:30",32.2,-0.45,200,1006100,"S"
"HDC","13:08:29",32.2,-0.45,1000,1005900,"S"
"HDC","13:08:25",32.2,-0.45,600,1004900,"S"
"HDC","13:08:14",32.2,-0.45,500,1004300,"S"
"HDC","13:07:57",32.2,-0.45,1500,1003800,"S"
"HDC","13:07:43",32.2,-0.45,1000,1002300,"S"
"HDC","13:07:41",32.2,-0.45,200,1001300,"S"
"HDC","13:07:37",32.15,-0.5,100,1001100,"B"
"HDC","13:07:32",32.2,-0.45,1000,1001000,"S"
"HDC","13:07:07",32.2,-0.45,200,1000000,"S"
"HDC","13:07:04",32.2,-0.45,100,999800,"S"
"HDC","13:07:03",32.2,-0.45,100,999700,"S"
"HDC","13:06:51",32.2,-0.45,600,999600,"S"
"HDC","13:06:46",32.2,-0.45,500,999000,"S"
"HDC","13:06:38",32.2,-0.45,100,998500,"S"
"HDC","13:06:31",32.2,-0.45,3000,998400,"S"
"HDC","13:06:31",32.15,-0.5,3000,995400,"B"
"HDC","13:06:24",32.2,-0.45,1000,992400,"S"
"HDC","13:06:15",32.2,-0.45,400,991400,"S"
"HDC","13:06:11",32.15,-0.5,700,991000,"B"
"HDC","13:05:50",32.15,-0.5,400,990300,"B"
"HDC","13:05:50",32.15,-0.5,600,989900,"B"
"HDC","13:05:40",32.15,-0.5,500,989300,"B"
"HDC","13:05:20",32.15,-0.5,2000,988800,"B"
"HDC","13:05:16",32.2,-0.45,500,986800,"S"
"HDC","13:05:09",32.15,-0.5,200,986300,"B"
"HDC","13:05:05",32.2,-0.45,200,986100,"S"
"HDC","13:05:04",32.15,-0.5,1500,985900,"B"
"HDC","13:04:45",32.15,-0.5,1300,984400,"B"
"HDC","13:04:38",32.15,-0.5,1000,983100,"B"
"HDC","13:04:21",32.15,-0.5,300,982100,"B"
"HDC","13:04:20",32.2,-0.45,100,981800,"S"
"HDC","13:04:14",32.15,-0.5,400,981700,"S"
"HDC","13:04:13",32.15,-0.5,200,981300,"S"
"HDC","13:04:05",32.15,-0.5,500,981100,"S"
"HDC","13:04:00",32.15,-0.5,100,980600,"S"
"HDC","13:03:59",32.15,-0.5,300,980500,"S"
"HDC","13:03:58",32.15,-0.5,1000,980200,"S"
"HDC","13:03:56",32.15,-0.5,200,979200,"S"
"HDC","13:03:54",32.15,-0.5,1000,979000,"S"
"HDC","13:03:53",32.15,-0.5,100,978000,"S"
"HDC","13:03:40",32.15,-0.5,1000,977900,"S"
"HDC","13:03:35",32.1,-0.55,200,976900,"B"
"HDC","13:03:31",32.1,-0.55,100,976700,"S"
"HDC","13:03:24",32.1,-0.55,500,976600,"S"
"HDC","13:03:20",32.05,-0.6,3000,976100,"B"
"HDC","13:03:03",32.05,-0.6,1200,973100,"B"
"HDC","13:02:55",32.1,-0.55,600,971900,"S"
"HDC","13:02:54",32.05,-0.6,500,971300,"B"
"HDC","13:02:53",32.05,-0.6,4300,970800,"B"
"HDC","13:02:53",32.1,-0.55,45700,966500,"B"
"HDC","13:02:52",32.15,-0.5,100,920800,"S"
"HDC","13:02:49",32.15,-0.5,1000,920700,"S"
"HDC","13:02:39",32.15,-0.5,12900,919700,"B"
"HDC","13:02:03",32.15,-0.5,500,906800,"B"
"HDC","13:01:48",32.15,-0.5,1000,906300,"B"
"HDC","13:01:25",32.15,-0.5,5000,905300,"B"
"HDC","13:01:24",32.2,-0.45,2000,900300,"S"
"HDC","13:01:17",32.15,-0.5,5000,898300,"B"
"HDC","13:01:16",32.15,-0.5,5000,893300,"B"
"HDC","13:01:05",32.2,-0.45,300,888300,"S"
"HDC","13:00:54",32.15,-0.5,1100,888000,"B"
"HDC","13:00:50",32.2,-0.45,100,886900,"S"
"HDC","13:00:38",32.2,-0.45,500,886800,"S"
"HDC","13:00:34",32.2,-0.45,200,886300,"S"
"HDC","13:00:33",32.2,-0.45,200,886100,"S"
"HDC","13:00:33",32.15,-0.5,400,885900,"B"
"HDC","13:00:32",32.2,-0.45,26500,885500,"B"
"HDC","13:00:28",32.2,-0.45,500,859000,"B"
"HDC","13:00:28",32.25,-0.4,1100,858500,"B"
"HDC","13:00:26",32.3,-0.35,1000,857400,"S"
"HDC","13:00:25",32.3,-0.35,200,856400,"S"
"HDC","13:00:24",32.3,-0.35,600,856200,"S"
"HDC","13:00:24",32.25,-0.4,400,855600,"S"
"HDC","13:00:23",32.25,-0.4,200,855200,"S"
"HDC","13:00:22",32.25,-0.4,300,855000,"S"
"HDC","13:00:20",32.25,-0.4,1000,854700,"S"
"HDC","13:00:19",32.25,-0.4,200,853700,"S"
"HDC","13:00:18",32.2,-0.45,1000,853500,"B"
"HDC","13:00:17",32.2,-0.45,46000,852500,"B"
"HDC","13:00:16",32.25,-0.4,3600,806500,"S"
"HDC","13:00:16",32.2,-0.45,200,802900,"B"
"HDC","13:00:16",32.25,-0.4,100,802700,"S"
"HDC","13:00:13",32.25,-0.4,200,802600,"S"
"HDC","13:00:12",32.2,-0.45,900,802400,"B"
"HDC","13:00:07",32.25,-0.4,4000,801500,"B"
"HDC","13:00:07",32.3,-0.35,1300,797500,"S"
"HDC","13:00:05",32.3,-0.35,5000,796200,"S"
"HDC","13:00:03",32.3,-0.35,1100,791200,"S"
"HDC","13:00:03",32.25,-0.4,10300,790100,"B"
"HDC","13:00:01",32.3,-0.35,400,779800,"S"
"HDC","13:00:00",32.3,-0.35,1300,779400,"S"
"HDC","13:00:00",32.25,-0.4,2200,778100,"B"
"HDC","13:00:00",32.3,-0.35,2900,775900,"B"
"HDC","11:29:50",32.3,-0.35,15800,773000,"S"
"HDC","11:29:49",32.3,-0.35,2000,757200,"S"
"HDC","11:29:35",32.3,-0.35,1000,755200,"S"
"HDC","11:29:21",32.25,-0.4,1500,754200,"S"
"HDC","11:29:20",32.25,-0.4,400,752700,"S"
"HDC","11:29:19",32.25,-0.4,600,752300,"S"
"HDC","11:29:18",32.25,-0.4,300,751700,"S"
"HDC","11:29:16",32.25,-0.4,200,751400,"S"
"HDC","11:29:11",32.25,-0.4,3200,751200,"S"
"HDC","11:29:09",32.25,-0.4,100,748000,"S"
"HDC","11:29:08",32.25,-0.4,2000,747900,"S"
"HDC","11:29:05",32.25,-0.4,200,745900,"S"
"HDC","11:28:58",32.25,-0.4,100,745700,"S"
"HDC","11:28:57",32.2,-0.45,3100,745600,"B"
"HDC","11:28:56",32.25,-0.4,5000,742500,"S"
"HDC","11:28:54",32.25,-0.4,600,737500,"S"
"HDC","11:28:51",32.25,-0.4,300,736900,"S"
"HDC","11:28:47",32.25,-0.4,600,736600,"S"
"HDC","11:28:43",32.25,-0.4,2000,736000,"S"
"HDC","11:28:33",32.25,-0.4,100,734000,"S"
"HDC","11:28:24",32.25,-0.4,200,733900,"S"
"HDC","11:28:22",32.25,-0.4,10800,733700,"B"
"HDC","11:28:12",32.3,-0.35,100,722900,"S"
"HDC","11:28:06",32.25,-0.4,500,722800,"B"
"HDC","11:27:37",32.25,-0.4,2000,722300,"B"
"HDC","11:27:28",32.25,-0.4,3500,720300,"B"
"HDC","11:27:18",32.25,-0.4,500,716800,"B"
"HDC","11:27:16",32.25,-0.4,10000,716300,"B"
"HDC","11:27:04",32.3,-0.35,1400,706300,"S"
"HDC","11:26:56",32.25,-0.4,6000,704900,"B"
"HDC","11:26:51",32.3,-0.35,1000,698900,"S"
"HDC","11:26:31",32.3,-0.35,1000,697900,"S"
"HDC","11:26:30",32.3,-0.35,1000,696900,"S"
"HDC","11:26:26",32.3,-0.35,5000,695900,"S"
"HDC","11:26:21",32.3,-0.35,200,690900,"S"
"HDC","11:26:15",32.3,-0.35,500,690700,"S"
"HDC","11:26:13",32.3,-0.35,100,690200,"S"
"HDC","11:26:04",32.3,-0.35,1000,690100,"S"
"HDC","11:25:53",32.3,-0.35,100,689100,"S"
"HDC","11:25:47",32.3,-0.35,100,689000,"S"
"HDC","11:25:46",32.3,-0.35,34900,688900,"B"
"HDC","11:25:46",32.35,-0.3,5000,654000,"B"
"HDC","11:25:34",32.35,-0.3,1000,649000,"B"
"HDC","11:25:19",32.35,-0.3,500,648000,"B"
"HDC","11:25:10",32.35,-0.3,19600,647500,"B"
"HDC","11:24:55",32.4,-0.25,1000,627900,"S"
"HDC","11:24:48",32.35,-0.3,2000,626900,"B"
"HDC","11:24:44",32.35,-0.3,13000,624900,"B"
"HDC","11:24:41",32.35,-0.3,100,611900,"B"
"HDC","11:24:40",32.35,-0.3,1000,611800,"B"
"HDC","11:24:37",32.35,-0.3,200,610800,"B"
"HDC","11:24:36",32.35,-0.3,100,610600,"B"
"HDC","11:24:25",32.35,-0.3,100,610500,"B"
"HDC","11:24:19",32.4,-0.25,100,610400,"S"
"HDC","11:24:16",32.4,-0.25,19200,610300,"B"
"HDC","11:24:12",32.4,-0.25,300,591100,"B"
"HDC","11:24:08",32.4,-0.25,7200,590800,"B"
"HDC","11:24:06",32.45,-0.2,2000,583600,"S"
"HDC","11:24:04",32.4,-0.25,4000,581600,"B"
"HDC","11:24:03",32.4,-0.25,4900,577600,"B"
"HDC","11:24:00",32.45,-0.2,100,572700,"S"
"HDC","11:23:54",32.4,-0.25,1200,572600,"B"
"HDC","11:23:53",32.4,-0.25,100,571400,"B"
"HDC","11:23:42",32.45,-0.2,10400,571300,"B"
"HDC","11:23:37",32.5,-0.15,5000,560900,"S"
"HDC","11:23:36",32.45,-0.2,1500,555900,"B"
"HDC","11:23:36",32.45,-0.2,2000,554400,"B"
"HDC","11:23:31",32.5,-0.15,500,549400,"S"
"HDC","11:23:15",32.5,-0.15,5000,548900,"S"
"HDC","11:23:11",32.5,-0.15,800,543900,"B"
"HDC","11:23:05",32.5,-0.15,100,543100,"B"
"HDC","11:23:01",32.5,-0.15,6700,543000,"B"
"HDC","11:22:55",32.5,-0.15,200,536300,"B"
"HDC","11:22:55",32.5,-0.15,300,536100,"B"
"HDC","11:22:54",32.5,-0.15,2500,535800,"B"
"HDC","11:22:50",32.5,-0.15,5500,533300,"B"
"HDC","11:22:47",32.5,-0.15,5000,527800,"B"
"HDC","11:22:45",32.5,-0.15,10600,522800,"B"
"HDC","11:22:31",32.5,-0.15,3000,512200,"B"
"HDC","11:22:18",32.5,-0.15,10000,509200,"B"
"HDC","11:22:13",32.5,-0.15,5000,499200,"B"
"HDC","11:22:06",32.5,-0.15,24000,494200,"B"
"HDC","11:22:00",32.5,-0.15,10000,470200,"B"
"HDC","11:21:32",32.5,-0.15,600,460200,"B"
"HDC","11:21:31",32.5,-0.15,2500,459600,"B"
"HDC","11:19:47",32.55,-0.1,100,457100,"S"
"HDC","11:19:46",32.55,-0.1,500,457000,"S"
"HDC","11:19:06",32.55,-0.1,100,456500,"S"
"HDC","11:19:04",32.55,-0.1,100,456400,"S"
"HDC","11:18:57",32.55,-0.1,200,456300,"S"
"HDC","11:18:23",32.55,-0.1,200,456100,"S"
"HDC","11:18:21",32.55,-0.1,8800,455900,"B"
"HDC","11:18:07",32.55,-0.1,25200,447100,"B"
"HDC","11:18:07",32.55,-0.1,14800,421900,"B"
"HDC","11:16:51",32.55,-0.1,800,407100,"B"
"HDC","11:16:49",32.55,-0.1,2000,406300,"B"
"HDC","11:16:32",32.55,-0.1,1000,404300,"B"
"HDC","11:16:05",32.55,-0.1,1800,403300,"B"
"HDC","11:15:29",32.55,-0.1,1500,401500,"B"
"HDC","11:14:25",32.6,-0.05,500,400000,"S"
"HDC","11:13:52",32.6,-0.05,500,399500,"S"
"HDC","11:13:20",32.6,-0.05,100,399000,"S"
"HDC","11:12:59",32.55,-0.1,300,398900,"B"
"HDC","11:12:30",32.6,-0.05,500,398600,"S"
"HDC","11:11:13",32.6,-0.05,300,398100,"S"
"HDC","11:11:13",32.6,-0.05,100,397800,"S"
"HDC","11:10:56",32.6,-0.05,400,397700,"S"
"HDC","11:10:43",32.6,-0.05,500,397300,"S"
"HDC","11:10:08",32.6,-0.05,500,396800,"S"
"HDC","11:09:14",32.6,-0.05,100,396300,"S"
"HDC","11:08:58",32.6,-0.05,100,396200,"S"
"HDC","11:08:24",32.6,-0.05,100,396100,"S"
"HDC","11:07:30",32.6,-0.05,200,396000,"S"
"HDC","11:07:06",32.6,-0.05,1000,395800,"S"
"HDC","11:07:03",32.6,-0.05,1000,394800,"S"
"HDC","11:06:57",32.6,-0.05,100,393800,"S"
"HDC","11:06:54",32.6,-0.05,100,393700,"S"
"HDC","11:05:49",32.6,-0.05,100,393600,"S"
"HDC","11:05:29",32.6,-0.05,1000,393500,"S"
"HDC","11:05:19",32.6,-0.05,500,392500,"S"
"HDC","11:05:12",32.6,-0.05,1500,392000,"S"
"HDC","11:04:51",32.6,-0.05,5000,390500,"S"
"HDC","11:04:47",32.6,-0.05,2000,385500,"S"
"HDC","11:04:32",32.6,-0.05,1000,383500,"S"
"HDC","11:04:26",32.6,-0.05,100,382500,"S"
"HDC","11:03:50",32.6,-0.05,3000,382400,"S"
"HDC","11:02:15",32.6,-0.05,200,379400,"S"
"HDC","11:01:21",32.6,-0.05,100,379200,"S"
"HDC","11:01:17",32.6,-0.05,1000,379100,"S"
"HDC","11:01:16",32.6,-0.05,800,378100,"B"
"HDC","11:01:15",32.6,-0.05,900,377300,"B"
"HDC","11:01:06",32.6,-0.05,100,376400,"S"
"HDC","11:01:03",32.6,-0.05,2000,376300,"S"
"HDC","11:00:46",32.6,-0.05,400,374300,"S"
"HDC","11:00:45",32.6,-0.05,2500,373900,"B"
"HDC","11:00:25",32.6,-0.05,700,371400,"B"
"HDC","10:59:42",32.6,-0.05,800,370700,"B"
"HDC","10:59:42",32.6,-0.05,200,369900,"B"
"HDC","10:59:32",32.6,-0.05,14600,369700,"B"
"HDC","10:59:21",32.6,-0.05,3000,355100,"B"
"HDC","10:59:14",32.6,-0.05,2000,352100,"B"
"HDC","10:58:56",32.6,-0.05,2000,350100,"B"
"HDC","10:58:28",32.6,-0.05,3000,348100,"B"
"HDC","10:57:48",32.65,0,900,345100,"S"
"HDC","10:57:40",32.6,-0.05,100,344200,"B"
"HDC","10:57:35",32.6,-0.05,3000,344100,"B"
"HDC","10:57:27",32.6,-0.05,5000,341100,"B"
"HDC","10:57:15",32.6,-0.05,5000,336100,"B"
"HDC","10:56:46",32.6,-0.05,3000,331100,"B"
"HDC","10:55:20",32.65,0,100,328100,"S"
"HDC","10:54:59",32.65,0,400,328000,"S"
"HDC","10:54:06",32.65,0,200,327600,"S"
"HDC","10:54:03",32.6,-0.05,1200,327400,"B"
"HDC","10:53:49",32.65,0,5700,326200,"B"
"HDC","10:53:35",32.65,0,200,320500,"B"
"HDC","10:53:32",32.65,0,6000,320300,"B"
"HDC","10:52:22",32.65,0,2600,314300,"B"
"HDC","10:51:50",32.65,0,20000,311700,"B"
"HDC","10:51:32",32.7,0.05,100,291700,"S"
"HDC","10:51:07",32.7,0.05,2000,291600,"S"
"HDC","10:49:56",32.7,0.05,500,289600,"S"
"HDC","10:49:12",32.7,0.05,100,289100,"S"
"HDC","10:48:09",32.65,0,200,289000,"B"
"HDC","10:48:06",32.7,0.05,300,288800,"S"
"HDC","10:47:01",32.7,0.05,2000,288500,"S"
"HDC","10:46:42",32.7,0.05,100,286500,"S"
"HDC","10:45:57",32.7,0.05,3200,286400,"S"
"HDC","10:45:10",32.7,0.05,1000,283200,"S"
"HDC","10:44:11",32.7,0.05,400,282200,"S"
"HDC","10:43:53",32.7,0.05,200,281800,"S"
"HDC","10:43:52",32.7,0.05,13800,281600,"B"
"HDC","10:43:32",32.7,0.05,1000,267800,"B"
"HDC","10:43:09",32.7,0.05,1500,266800,"B"
"HDC","10:41:42",32.7,0.05,500,265300,"B"
"HDC","10:41:32",32.7,0.05,5000,264800,"B"
"HDC","10:41:13",32.7,0.05,3000,259800,"B"
"HDC","10:41:10",32.7,0.05,1000,256800,"B"
"HDC","10:40:57",32.7,0.05,1000,255800,"B"
"HDC","10:39:20",32.7,0.05,300,254800,"B"
"HDC","10:38:52",32.7,0.05,100,254500,"B"
"HDC","10:38:47",32.7,0.05,100,254400,"B"
"HDC","10:38:04",32.7,0.05,5000,254300,"B"
"HDC","10:37:08",32.7,0.05,100,249300,"B"
"HDC","10:36:54",32.7,0.05,100,249200,"B"
"HDC","10:33:05",32.7,0.05,400,249100,"B"
"HDC","10:31:17",32.7,0.05,3000,248700,"B"
"HDC","10:29:48",32.7,0.05,300,245700,"B"
"HDC","10:29:38",32.7,0.05,500,245400,"B"
"HDC","10:29:34",32.75,0.1,1000,244900,"S"
"HDC","10:28:57",32.7,0.05,1000,243900,"B"
"HDC","10:27:37",32.7,0.05,100,242900,"B"
"HDC","10:27:28",32.7,0.05,200,242800,"B"
"HDC","10:26:15",32.75,0.1,900,242600,"B"
"HDC","10:25:43",32.75,0.1,200,241700,"S"
"HDC","10:25:12",32.7,0.05,1300,241500,"B"
"HDC","10:25:08",32.7,0.05,300,240200,"B"
"HDC","10:24:44",32.75,0.1,300,239900,"S"
"HDC","10:24:08",32.75,0.1,100,239600,"S"
"HDC","10:23:01",32.75,0.1,700,239500,"S"
"HDC","10:22:09",32.75,0.1,600,238800,"S"
"HDC","10:22:02",32.75,0.1,1500,238200,"S"
"HDC","10:21:56",32.7,0.05,500,236700,"B"
"HDC","10:21:45",32.75,0.1,13300,236200,"B"
"HDC","10:20:29",32.75,0.1,200,222900,"S"
"HDC","10:20:21",32.75,0.1,1800,222700,"S"
"HDC","10:18:50",32.75,0.1,1000,220900,"B"
"HDC","10:18:47",32.75,0.1,4000,219900,"S"
"HDC","10:17:13",32.75,0.1,500,215900,"S"
"HDC","10:17:09",32.75,0.1,3300,215400,"S"
"HDC","10:16:28",32.75,0.1,1300,212100,"B"
"HDC","10:16:26",32.75,0.1,400,210800,"B"
"HDC","10:16:25",32.75,0.1,500,210400,"B"
"HDC","10:15:51",32.75,0.1,2000,209900,"B"
"HDC","10:14:12",32.75,0.1,1000,207900,"B"
"HDC","10:13:33",32.75,0.1,500,206900,"B"
"HDC","10:12:53",32.75,0.1,1000,206400,"B"
"HDC","10:11:44",32.75,0.1,100,205400,"S"
"HDC","10:11:16",32.75,0.1,800,205300,"S"
"HDC","10:11:10",32.75,0.1,200,204500,"S"
"HDC","10:09:39",32.75,0.1,1000,204300,"S"
"HDC","10:09:35",32.75,0.1,500,203300,"S"
"HDC","10:08:45",32.75,0.1,1500,202800,"S"
"HDC","10:08:45",32.75,0.1,1000,201300,"S"
"HDC","10:08:18",32.75,0.1,2000,200300,"S"
"HDC","10:08:13",32.7,0.05,600,198300,"B"
"HDC","10:07:05",32.7,0.05,1000,197700,"B"
"HDC","10:06:56",32.75,0.1,500,196700,"S"
"HDC","10:06:24",32.75,0.1,500,196200,"S"
"HDC","10:05:41",32.7,0.05,1000,195700,"B"
"HDC","10:05:14",32.75,0.1,100,194700,"S"
"HDC","10:05:01",32.75,0.1,600,194600,"S"
"HDC","10:04:30",32.75,0.1,100,194000,"S"
"HDC","10:04:21",32.75,0.1,2000,193900,"S"
"HDC","10:03:40",32.75,0.1,7600,191900,"B"
"HDC","10:02:32",32.8,0.15,100,184300,"S"
"HDC","10:02:04",32.8,0.15,2000,184200,"S"
"HDC","10:01:09",32.8,0.15,100,182200,"S"
"HDC","10:00:19",32.8,0.15,100,182100,"S"
"HDC","09:59:34",32.8,0.15,100,182000,"S"
"HDC","09:59:15",32.8,0.15,100,181900,"S"
"HDC","09:58:25",32.8,0.15,200,181800,"S"
"HDC","09:58:17",32.8,0.15,5000,181600,"S"
"HDC","09:58:02",32.8,0.15,300,176600,"S"
"HDC","09:57:47",32.8,0.15,100,176300,"S"
"HDC","09:57:46",32.8,0.15,3000,176200,"S"
"HDC","09:57:21",32.8,0.15,2700,173200,"B"
"HDC","09:57:09",32.8,0.15,400,170500,"B"
"HDC","09:56:51",32.8,0.15,400,170100,"B"
"HDC","09:56:46",32.8,0.15,3000,169700,"B"
"HDC","09:55:58",32.8,0.15,700,166700,"S"
"HDC","09:55:34",32.8,0.15,300,166000,"S"
"HDC","09:53:00",32.85,0.2,17000,165700,"S"
"HDC","09:53:00",32.8,0.15,33000,148700,"S"
"HDC","09:52:54",32.8,0.15,500,115700,"S"
"HDC","09:52:34",32.8,0.15,10800,115200,"B"
"HDC","09:52:28",32.8,0.15,300,104400,"B"
"HDC","09:52:16",32.85,0.2,100,104100,"S"
"HDC","09:49:20",32.85,0.2,900,104000,"S"
"HDC","09:49:20",32.85,0.2,400,103100,"S"
"HDC","09:48:19",32.85,0.2,100,102700,"S"
"HDC","09:48:06",32.85,0.2,1300,102600,"S"
"HDC","09:47:10",32.85,0.2,6800,101300,"S"
"HDC","09:46:39",32.85,0.2,100,94500,"S"
"HDC","09:46:27",32.85,0.2,100,94400,"S"
"HDC","09:46:19",32.85,0.2,100,94300,"S"
"HDC","09:45:06",32.85,0.2,500,94200,"S"
"HDC","09:43:57",32.85,0.2,1600,93700,"S"
"HDC","09:43:57",32.8,0.15,2500,92100,"S"
"HDC","09:42:03",32.8,0.15,1300,89600,"S"
"HDC","09:41:54",32.8,0.15,1000,88300,"S"
"HDC","09:41:46",32.8,0.15,100,87300,"S"
"HDC","09:41:33",32.8,0.15,500,87200,"S"
"HDC","09:41:22",32.8,0.15,100,86700,"S"
"HDC","09:40:59",32.8,0.15,500,86600,"S"
"HDC","09:38:59",32.8,0.15,300,86100,"S"
"HDC","09:38:05",32.65,0,6000,85800,"B"
"HDC","09:37:45",32.7,0.05,20000,79800,"S"
"HDC","09:35:17",32.65,0,100,59800,"S"
"HDC","09:35:01",32.65,0,100,59700,"S"
"HDC","09:34:52",32.65,0,100,59600,"S"
"HDC","09:34:51",32.65,0,100,59500,"S"
"HDC","09:34:49",32.65,0,500,59400,"S"
"HDC","09:34:06",32.65,0,500,58900,"S"
"HDC","09:33:53",32.65,0,300,58400,"S"
"HDC","09:33:50",32.65,0,2200,58100,"S"
"HDC","09:33:37",32.65,0,1000,55900,"S"
"HDC","09:33:20",32.65,0,200,54900,"S"
"HDC","09:32:38",32.65,0,5000,54700,"S"
"HDC","09:32:08",32.65,0,300,49700,"S"
"HDC","09:31:45",32.65,0,100,49400,"S"
"HDC","09:31:39",32.65,0,500,49300,"S"
"HDC","09:31:22",32.65,0,200,48800,"S"
"HDC","09:30:54",32.65,0,2700,48600,"B"
"HDC","09:30:52",32.65,0,500,45900,"B"
"HDC","09:30:31",32.65,0,400,45400,"B"
"HDC","09:30:25",32.65,0,1500,45000,"B"
"HDC","09:30:05",32.65,0,400,43500,"B"
"HDC","09:29:40",32.65,0,100,43100,"B"
"HDC","09:28:45",32.65,0,100,43000,"S"
"HDC","09:28:33",32.65,0,1900,42900,"B"
"HDC","09:27:15",32.7,0.05,100,41000,"B"
"HDC","09:27:12",32.7,0.05,700,40900,"B"
"HDC","09:27:07",32.7,0.05,2000,40200,"B"
"HDC","09:26:48",32.7,0.05,100,38200,"B"
"HDC","09:26:21",32.7,0.05,3000,38100,"B"
"HDC","09:26:06",32.7,0.05,400,35100,"B"
"HDC","09:23:41",32.7,0.05,1000,34700,"B"
"HDC","09:23:23",32.7,0.05,3000,33700,"B"
"HDC","09:22:53",32.7,0.05,1000,30700,"B"
"HDC","09:22:50",32.7,0.05,3100,29700,"S"
"HDC","09:22:49",32.7,0.05,200,26600,"S"
"HDC","09:22:48",32.7,0.05,500,26400,"S"
"HDC","09:22:26",32.7,0.05,6000,25900,"S"
"HDC","09:22:00",32.7,0.05,1000,19900,"S"
"HDC","09:20:18",32.7,0.05,100,18900,"S"
"HDC","09:20:00",32.7,0.05,100,18800,"S"
"HDC","09:19:36",32.7,0.05,200,18700,"S"
"HDC","09:18:25",32.7,0.05,1000,18500,"S"
"HDC","09:18:05",32.7,0.05,1000,17500,"S"
"HDC","09:17:47",32.7,0.05,500,16500,"S"
"HDC","09:17:40",32.7,0.05,1000,16000,"S"
"HDC","09:17:18",32.55,-0.1,600,15000,"B"
"HDC","09:17:18",32.6,-0.05,400,14400,"B"
"HDC","09:15:00",32.55,-0.1,14000,14000,
