"symbol","time","price","change","vol","total","side"
"HUT","14:52:37",20.8,0,1900,12858500,
"HUT","14:52:11",20.8,0,100,12856600,
"HUT","14:47:46",20.8,0,300,12856500,
"HUT","14:45:02",20.8,0,449200,12856200,
"HUT","14:30:01",20.8,0,1000,12407000,
"HUT","14:29:56",20.9,0.1,500,12406000,
"HUT","14:29:51",20.8,0,10000,12405500,
"HUT","14:29:40",20.8,0,1300,12395500,
"HUT","14:29:33",20.8,0,2000,12394200,
"HUT","14:29:11",20.8,0,500,12392200,
"HUT","14:29:07",20.8,0,500,12391700,
"HUT","14:29:05",20.8,0,1000,12391200,
"HUT","14:29:03",20.8,0,1500,12390200,
"HUT","14:29:00",20.8,0,100,12388700,
"HUT","14:28:58",20.8,0,20000,12388600,
"HUT","14:28:56",20.8,0,500,12368600,
"HUT","14:28:51",20.8,0,500,12368100,
"HUT","14:28:48",20.8,0,3100,12367600,
"HUT","14:28:47",20.9,0.1,200,12364500,
"HUT","14:28:46",20.8,0,1000,12364300,
"HUT","14:28:44",20.8,0,300,12363300,
"HUT","14:28:43",20.8,0,3000,12363000,
"HUT","14:28:25",20.8,0,2900,12360000,
"HUT","14:28:21",20.8,0,200,12357100,
"HUT","14:28:09",20.8,0,15700,12356900,
"HUT","14:27:41",20.8,0,400,12341200,
"HUT","14:27:40",20.8,0,900,12340800,
"HUT","14:27:19",20.9,0.1,1200,12339900,
"HUT","14:27:18",20.9,0.1,3300,12338700,
"HUT","14:27:12",20.9,0.1,100,12335400,
"HUT","14:26:51",20.9,0.1,500,12335300,
"HUT","14:26:50",20.8,0,2000,12334800,
"HUT","14:26:11",20.8,0,300,12332800,
"HUT","14:25:59",20.9,0.1,500,12332500,
"HUT","14:25:58",20.9,0.1,2100,12332000,
"HUT","14:25:53",20.8,0,1000,12329900,
"HUT","14:25:51",20.9,0.1,500,12328900,
"HUT","14:25:27",20.8,0,500,12328400,
"HUT","14:24:39",20.8,0,3600,12327900,
"HUT","14:24:36",20.8,0,20000,12324300,
"HUT","14:24:35",20.8,0,5000,12304300,
"HUT","14:24:31",20.8,0,5500,12299300,
"HUT","14:24:28",20.8,0,400,12293800,
"HUT","14:24:24",20.8,0,5000,12293400,
"HUT","14:24:18",20.8,0,3700,12288400,
"HUT","14:24:17",20.8,0,1000,12284700,
"HUT","14:24:14",20.8,0,300,12283700,
"HUT","14:24:08",20.8,0,500,12283400,
"HUT","14:24:02",20.8,0,2100,12282900,
"HUT","14:24:00",20.8,0,500,12280800,
"HUT","14:23:57",20.8,0,500,12280300,
"HUT","14:23:55",20.8,0,2400,12279800,
"HUT","14:23:50",20.8,0,1000,12277400,
"HUT","14:23:48",20.8,0,100,12276400,
"HUT","14:23:46",20.8,0,10100,12276300,
"HUT","14:23:42",20.8,0,5000,12266200,
"HUT","14:23:39",20.8,0,5000,12261200,
"HUT","14:23:37",20.8,0,4300,12256200,
"HUT","14:23:26",20.8,0,100,12251900,
"HUT","14:23:25",20.7,-0.1,1700,12251800,
"HUT","14:23:05",20.7,-0.1,300,12250100,
"HUT","14:23:00",20.7,-0.1,1000,12249800,
"HUT","14:22:43",20.7,-0.1,400,12248800,
"HUT","14:22:41",20.8,0,5000,12248400,
"HUT","14:22:39",20.7,-0.1,100,12243400,
"HUT","14:22:34",20.8,0,6000,12243300,
"HUT","14:22:17",20.8,0,500,12237300,
"HUT","14:22:13",20.7,-0.1,10000,12236800,
"HUT","14:22:05",20.8,0,2200,12226800,
"HUT","14:21:50",20.7,-0.1,1000,12224600,
"HUT","14:21:49",20.7,-0.1,500,12223600,
"HUT","14:21:39",20.7,-0.1,2000,12223100,
"HUT","14:21:36",20.7,-0.1,100,12221100,
"HUT","14:21:32",20.7,-0.1,5100,12221000,
"HUT","14:21:31",20.7,-0.1,5200,12215900,
"HUT","14:21:30",20.7,-0.1,5000,12210700,
"HUT","14:21:29",20.7,-0.1,100,12205700,
"HUT","14:21:28",20.7,-0.1,1000,12205600,
"HUT","14:21:27",20.7,-0.1,500,12204600,
"HUT","14:21:25",20.7,-0.1,2200,12204100,
"HUT","14:21:24",20.7,-0.1,2500,12201900,
"HUT","14:21:23",20.7,-0.1,5000,12199400,
"HUT","14:21:22",20.7,-0.1,5000,12194400,
"HUT","14:21:19",20.7,-0.1,19500,12189400,
"HUT","14:21:17",20.7,-0.1,5000,12169900,
"HUT","14:21:16",20.7,-0.1,200,12164900,
"HUT","14:21:09",20.7,-0.1,500,12164700,
"HUT","14:21:03",20.6,-0.2,100,12164200,
"HUT","14:20:58",20.7,-0.1,100,12164100,
"HUT","14:20:52",20.7,-0.1,300,12164000,
"HUT","14:20:48",20.6,-0.2,1000,12163700,
"HUT","14:20:38",20.6,-0.2,40000,12162700,
"HUT","14:20:35",20.7,-0.1,1000,12122700,
"HUT","14:20:31",20.6,-0.2,2500,12121700,
"HUT","14:20:28",20.6,-0.2,1000,12119200,
"HUT","14:20:25",20.6,-0.2,53700,12118200,
"HUT","14:20:19",20.6,-0.2,5500,12064500,
"HUT","14:20:18",20.6,-0.2,900,12059000,
"HUT","14:20:07",20.6,-0.2,500,12058100,
"HUT","14:20:05",20.6,-0.2,900,12057600,
"HUT","14:20:04",20.7,-0.1,200,12056700,
"HUT","14:20:03",20.6,-0.2,4000,12056500,
"HUT","14:20:00",20.6,-0.2,5000,12052500,
"HUT","14:19:58",20.6,-0.2,1500,12047500,
"HUT","14:19:49",20.6,-0.2,2800,12046000,
"HUT","14:19:48",20.6,-0.2,1000,12043200,
"HUT","14:19:44",20.7,-0.1,9100,12042200,
"HUT","14:19:41",20.6,-0.2,10000,12033100,
"HUT","14:19:30",20.6,-0.2,20000,12023100,
"HUT","14:19:26",20.6,-0.2,9000,12003100,
"HUT","14:19:25",20.7,-0.1,1000,11994100,
"HUT","14:19:23",20.6,-0.2,1000,11993100,
"HUT","14:19:11",20.6,-0.2,1000,11992100,
"HUT","14:19:08",20.6,-0.2,5000,11991100,
"HUT","14:19:07",20.6,-0.2,1100,11986100,
"HUT","14:19:05",20.6,-0.2,5000,11985000,
"HUT","14:18:55",20.6,-0.2,300,11980000,
"HUT","14:18:48",20.6,-0.2,1100,11979700,
"HUT","14:18:47",20.6,-0.2,5000,11978600,
"HUT","14:18:45",20.7,-0.1,2000,11973600,
"HUT","14:18:44",20.7,-0.1,1000,11971600,
"HUT","14:18:31",20.7,-0.1,1200,11970600,
"HUT","14:18:30",20.7,-0.1,18700,11969400,
"HUT","14:18:28",20.7,-0.1,20800,11950700,
"HUT","14:18:26",20.7,-0.1,4000,11929900,
"HUT","14:18:22",20.7,-0.1,2000,11925900,
"HUT","14:18:21",20.7,-0.1,1000,11923900,
"HUT","14:18:20",20.7,-0.1,1500,11922900,
"HUT","14:18:15",20.7,-0.1,500,11921400,
"HUT","14:18:09",20.7,-0.1,20000,11920900,
"HUT","14:18:08",20.7,-0.1,2500,11900900,
"HUT","14:18:01",20.7,-0.1,1000,11898400,
"HUT","14:18:00",20.7,-0.1,1000,11897400,
"HUT","14:17:59",20.7,-0.1,1000,11896400,
"HUT","14:17:57",20.7,-0.1,600,11895400,
"HUT","14:17:56",20.7,-0.1,15100,11894800,
"HUT","14:17:55",20.7,-0.1,12000,11879700,
"HUT","14:17:48",20.7,-0.1,19700,11867700,
"HUT","14:17:45",20.7,-0.1,100,11848000,
"HUT","14:17:18",20.7,-0.1,1000,11847900,
"HUT","14:17:17",20.8,0,1000,11846900,
"HUT","14:17:14",20.8,0,8000,11845900,
"HUT","14:17:13",20.8,0,200,11837900,
"HUT","14:17:12",20.8,0,100,11837700,
"HUT","14:17:09",20.8,0,1000,11837600,
"HUT","14:16:32",20.8,0,1000,11836600,
"HUT","14:16:31",20.8,0,200,11835600,
"HUT","14:16:13",20.8,0,300,11835400,
"HUT","14:16:05",20.7,-0.1,9900,11835100,
"HUT","14:16:03",20.8,0,5000,11825200,
"HUT","14:16:02",20.7,-0.1,5000,11820200,
"HUT","14:16:01",20.8,0,20000,11815200,
"HUT","14:16:00",20.7,-0.1,2000,11795200,
"HUT","14:15:55",20.7,-0.1,6000,11793200,
"HUT","14:15:52",20.8,0,200,11787200,
"HUT","14:15:43",20.8,0,1100,11787000,
"HUT","14:15:41",20.7,-0.1,5000,11785900,
"HUT","14:15:40",20.8,0,1000,11780900,
"HUT","14:15:39",20.7,-0.1,10000,11779900,
"HUT","14:15:25",20.8,0,10200,11769900,
"HUT","14:15:16",20.8,0,1100,11759700,
"HUT","14:15:12",20.8,0,10000,11758600,
"HUT","14:15:09",20.8,0,300,11748600,
"HUT","14:15:03",20.8,0,8900,11748300,
"HUT","14:15:02",20.8,0,5000,11739400,
"HUT","14:15:01",20.8,0,200,11734400,
"HUT","14:14:59",20.8,0,5000,11734200,
"HUT","14:14:58",20.8,0,1500,11729200,
"HUT","14:14:56",20.9,0.1,100,11727700,
"HUT","14:14:55",20.8,0,35000,11727600,
"HUT","14:14:48",20.8,0,200,11692600,
"HUT","14:14:47",20.8,0,1500,11692400,
"HUT","14:14:44",20.8,0,49000,11690900,
"HUT","14:14:43",20.9,0.1,500,11641900,
"HUT","14:14:41",20.9,0.1,10000,11641400,
"HUT","14:14:19",20.9,0.1,3000,11631400,
"HUT","14:14:18",20.8,0,5000,11628400,
"HUT","14:14:17",20.8,0,1000,11623400,
"HUT","14:14:14",20.9,0.1,100,11622400,
"HUT","14:14:10",20.8,0,10300,11622300,
"HUT","14:14:06",20.9,0.1,1100,11612000,
"HUT","14:14:05",20.8,0,300,11610900,
"HUT","14:14:03",20.8,0,50000,11610600,
"HUT","14:14:01",20.8,0,10000,11560600,
"HUT","14:13:58",20.8,0,4100,11550600,
"HUT","14:13:43",20.8,0,2000,11546500,
"HUT","14:13:23",20.8,0,100,11544500,
"HUT","14:13:06",20.9,0.1,200,11544400,
"HUT","14:13:04",20.9,0.1,100,11544200,
"HUT","14:12:54",20.9,0.1,300,11544100,
"HUT","14:12:36",20.9,0.1,300,11543800,
"HUT","14:12:32",20.8,0,20000,11543500,
"HUT","14:12:31",20.8,0,3000,11523500,
"HUT","14:12:11",20.9,0.1,300,11520500,
"HUT","14:12:00",20.9,0.1,100,11520200,
"HUT","14:11:58",20.9,0.1,400,11520100,
"HUT","14:11:39",20.9,0.1,2000,11519700,
"HUT","14:11:37",20.8,0,200,11517700,
"HUT","14:11:13",20.8,0,100,11517500,
"HUT","14:10:51",20.8,0,4000,11517400,
"HUT","14:10:42",20.8,0,500,11513400,
"HUT","14:10:32",20.9,0.1,1000,11512900,
"HUT","14:10:26",20.8,0,5400,11511900,
"HUT","14:10:16",20.9,0.1,1000,11506500,
"HUT","14:10:07",20.9,0.1,500,11505500,
"HUT","14:09:22",20.8,0,500,11505000,
"HUT","14:09:07",20.9,0.1,2000,11504500,
"HUT","14:09:04",20.9,0.1,100,11502500,
"HUT","14:08:57",20.9,0.1,14800,11502400,
"HUT","14:08:53",20.9,0.1,5100,11487600,
"HUT","14:08:52",20.9,0.1,5100,11482500,
"HUT","14:08:48",20.9,0.1,20000,11477400,
"HUT","14:08:28",20.9,0.1,500,11457400,
"HUT","14:08:18",20.9,0.1,3400,11456900,
"HUT","14:08:17",20.9,0.1,1000,11453500,
"HUT","14:08:07",20.9,0.1,100,11452500,
"HUT","14:07:49",20.9,0.1,500,11452400,
"HUT","14:07:30",20.9,0.1,800,11451900,
"HUT","14:07:28",20.9,0.1,3000,11451100,
"HUT","14:07:09",20.9,0.1,2000,11448100,
"HUT","14:06:25",20.9,0.1,2000,11446100,
"HUT","14:06:10",20.9,0.1,1500,11444100,
"HUT","14:05:58",20.9,0.1,200,11442600,
"HUT","14:05:56",20.9,0.1,20000,11442400,
"HUT","14:05:43",20.9,0.1,1500,11422400,
"HUT","14:05:16",20.9,0.1,400,11420900,
"HUT","14:04:57",20.9,0.1,3000,11420500,
"HUT","14:04:52",20.9,0.1,400,11417500,
"HUT","14:04:31",20.9,0.1,1000,11417100,
"HUT","14:04:10",20.9,0.1,2500,11416100,
"HUT","14:04:03",20.9,0.1,1000,11413600,
"HUT","14:03:17",20.9,0.1,3000,11412600,
"HUT","14:03:07",20.9,0.1,2000,11409600,
"HUT","14:02:52",20.9,0.1,300,11407600,
"HUT","14:02:51",20.9,0.1,200,11407300,
"HUT","14:02:46",20.9,0.1,500,11407100,
"HUT","14:02:41",20.9,0.1,1500,11406600,
"HUT","14:02:40",20.9,0.1,2000,11405100,
"HUT","14:02:19",20.9,0.1,7500,11403100,
"HUT","14:02:13",20.9,0.1,300,11395600,
"HUT","14:01:57",20.9,0.1,200,11395300,
"HUT","14:01:52",20.9,0.1,10000,11395100,
"HUT","14:01:49",20.9,0.1,6400,11385100,
"HUT","14:01:45",20.9,0.1,2000,11378700,
"HUT","14:01:39",20.9,0.1,200,11376700,
"HUT","14:01:37",20.9,0.1,4000,11376500,
"HUT","14:01:20",20.9,0.1,1600,11372500,
"HUT","14:01:17",20.9,0.1,4000,11370900,
"HUT","14:01:14",20.9,0.1,10000,11366900,
"HUT","14:01:10",20.9,0.1,900,11356900,
"HUT","14:00:58",20.9,0.1,2000,11356000,
"HUT","14:00:55",20.9,0.1,300,11354000,
"HUT","14:00:40",20.9,0.1,3400,11353700,
"HUT","14:00:19",20.9,0.1,200,11350300,
"HUT","14:00:14",20.9,0.1,200,11350100,
"HUT","14:00:08",20.9,0.1,1000,11349900,
"HUT","13:59:52",20.9,0.1,300,11348900,
"HUT","13:59:47",20.9,0.1,1100,11348600,
"HUT","13:59:44",20.9,0.1,500,11347500,
"HUT","13:59:43",20.9,0.1,4200,11347000,
"HUT","13:59:13",20.9,0.1,800,11342800,
"HUT","13:59:02",20.9,0.1,200,11342000,
"HUT","13:58:56",20.9,0.1,10000,11341800,
"HUT","13:58:55",20.9,0.1,500,11331800,
"HUT","13:58:52",20.9,0.1,1700,11331300,
"HUT","13:58:36",20.9,0.1,100,11329600,
"HUT","13:58:35",20.9,0.1,100,11329500,
"HUT","13:58:29",20.9,0.1,1400,11329400,
"HUT","13:58:27",20.9,0.1,8600,11328000,
"HUT","13:58:25",20.9,0.1,500,11319400,
"HUT","13:58:18",20.9,0.1,16500,11318900,
"HUT","13:58:17",20.9,0.1,10000,11302400,
"HUT","13:58:16",20.9,0.1,500,11292400,
"HUT","13:58:13",20.9,0.1,500,11291900,
"HUT","13:58:11",20.9,0.1,40000,11291400,
"HUT","13:58:09",20.9,0.1,20000,11251400,
"HUT","13:58:04",20.9,0.1,21100,11231400,
"HUT","13:57:29",20.9,0.1,1000,11210300,
"HUT","13:57:25",21,0.2,100,11209300,
"HUT","13:56:56",20.9,0.1,19500,11209200,
"HUT","13:56:53",21,0.2,2000,11189700,
"HUT","13:56:46",20.9,0.1,2000,11187700,
"HUT","13:56:45",20.9,0.1,300,11185700,
"HUT","13:56:38",20.9,0.1,2000,11185400,
"HUT","13:56:13",20.9,0.1,100,11183400,
"HUT","13:55:55",20.9,0.1,500,11183300,
"HUT","13:55:52",20.9,0.1,600,11182800,
"HUT","13:55:38",20.9,0.1,1000,11182200,
"HUT","13:55:31",20.9,0.1,3000,11181200,
"HUT","13:55:29",21,0.2,3000,11178200,
"HUT","13:55:16",21,0.2,100,11175200,
"HUT","13:55:13",21,0.2,3900,11175100,
"HUT","13:54:43",20.9,0.1,3100,11171200,
"HUT","13:54:35",20.9,0.1,200,11168100,
"HUT","13:54:26",20.9,0.1,400,11167900,
"HUT","13:54:19",20.9,0.1,2000,11167500,
"HUT","13:53:58",20.9,0.1,700,11165500,
"HUT","13:53:42",20.9,0.1,1000,11164800,
"HUT","13:53:24",20.9,0.1,500,11163800,
"HUT","13:53:19",21,0.2,100,11163300,
"HUT","13:52:55",21,0.2,1000,11163200,
"HUT","13:52:46",21,0.2,1000,11162200,
"HUT","13:52:27",21,0.2,2000,11161200,
"HUT","13:52:25",21,0.2,1000,11159200,
"HUT","13:52:05",21,0.2,200,11158200,
"HUT","13:51:50",21,0.2,5700,11158000,
"HUT","13:51:43",20.9,0.1,5000,11152300,
"HUT","13:51:26",20.9,0.1,1500,11147300,
"HUT","13:51:24",20.9,0.1,100,11145800,
"HUT","13:51:17",20.9,0.1,10000,11145700,
"HUT","13:51:02",20.9,0.1,5000,11135700,
"HUT","13:50:55",21,0.2,5000,11130700,
"HUT","13:50:30",21,0.2,100,11125700,
"HUT","13:50:16",21,0.2,500,11125600,
"HUT","13:49:49",21,0.2,6400,11125100,
"HUT","13:49:35",21,0.2,1000,11118700,
"HUT","13:48:50",21,0.2,200,11117700,
"HUT","13:48:26",21,0.2,1000,11117500,
"HUT","13:48:24",20.9,0.1,500,11116500,
"HUT","13:48:23",20.9,0.1,300,11116000,
"HUT","13:47:55",20.9,0.1,1000,11115700,
"HUT","13:47:34",20.9,0.1,2700,11114700,
"HUT","13:46:50",20.9,0.1,100,11112000,
"HUT","13:46:41",21,0.2,500,11111900,
"HUT","13:46:37",20.9,0.1,200,11111400,
"HUT","13:46:00",21,0.2,10000,11111200,
"HUT","13:45:25",20.9,0.1,1500,11101200,
"HUT","13:45:00",21,0.2,100,11099700,
"HUT","13:44:59",20.9,0.1,1000,11099600,
"HUT","13:44:56",20.9,0.1,1000,11098600,
"HUT","13:44:43",20.9,0.1,5000,11097600,
"HUT","13:44:40",20.9,0.1,5000,11092600,
"HUT","13:44:04",20.9,0.1,600,11087600,
"HUT","13:43:43",20.9,0.1,20000,11087000,
"HUT","13:43:35",20.9,0.1,22600,11067000,
"HUT","13:43:19",21,0.2,1000,11044400,
"HUT","13:43:17",20.9,0.1,1500,11043400,
"HUT","13:42:43",20.9,0.1,100,11041900,
"HUT","13:42:36",21,0.2,100,11041800,
"HUT","13:42:07",21,0.2,600,11041700,
"HUT","13:42:05",21,0.2,200,11041100,
"HUT","13:41:43",21,0.2,10000,11040900,
"HUT","13:41:21",21,0.2,2000,11030900,
"HUT","13:41:04",21,0.2,600,11028900,
"HUT","13:41:02",21,0.2,200,11028300,
"HUT","13:40:56",21,0.2,15400,11028100,
"HUT","13:40:36",21,0.2,4600,11012700,
"HUT","13:39:53",21,0.2,3000,11008100,
"HUT","13:39:37",20.9,0.1,5000,11005100,
"HUT","13:39:32",20.9,0.1,3000,11000100,
"HUT","13:39:27",20.9,0.1,21700,10997100,
"HUT","13:39:20",20.9,0.1,10000,10975400,
"HUT","13:39:11",20.9,0.1,5000,10965400,
"HUT","13:38:51",20.9,0.1,1300,10960400,
"HUT","13:38:38",20.9,0.1,500,10959100,
"HUT","13:38:12",20.9,0.1,10000,10958600,
"HUT","13:37:48",20.9,0.1,1000,10948600,
"HUT","13:37:46",20.9,0.1,700,10947600,
"HUT","13:37:35",21,0.2,100,10946900,
"HUT","13:37:31",20.9,0.1,400,10946800,
"HUT","13:37:23",20.9,0.1,4000,10946400,
"HUT","13:37:14",20.9,0.1,100,10942400,
"HUT","13:37:02",20.9,0.1,500,10942300,
"HUT","13:36:52",20.9,0.1,100,10941800,
"HUT","13:36:45",20.9,0.1,1000,10941700,
"HUT","13:36:44",20.9,0.1,200,10940700,
"HUT","13:36:38",20.9,0.1,500,10940500,
"HUT","13:36:18",20.9,0.1,100,10940000,
"HUT","13:35:40",20.9,0.1,500,10939900,
"HUT","13:35:31",20.9,0.1,500,10939400,
"HUT","13:35:24",20.9,0.1,1000,10938900,
"HUT","13:35:20",21,0.2,200,10937900,
"HUT","13:35:13",20.9,0.1,200,10937700,
"HUT","13:34:19",21,0.2,3000,10937500,
"HUT","13:34:14",20.9,0.1,300,10934500,
"HUT","13:34:08",20.9,0.1,100,10934200,
"HUT","13:33:56",20.9,0.1,400,10934100,
"HUT","13:33:51",20.9,0.1,3000,10933700,
"HUT","13:33:40",20.9,0.1,1000,10930700,
"HUT","13:33:28",20.9,0.1,500,10929700,
"HUT","13:33:11",20.9,0.1,1000,10929200,
"HUT","13:32:36",20.9,0.1,5400,10928200,
"HUT","13:32:26",20.9,0.1,3000,10922800,
"HUT","13:31:58",20.9,0.1,100,10919800,
"HUT","13:31:54",20.9,0.1,2200,10919700,
"HUT","13:31:14",20.9,0.1,800,10917500,
"HUT","13:30:50",21,0.2,1000,10916700,
"HUT","13:30:38",21,0.2,2000,10915700,
"HUT","13:30:22",21,0.2,500,10913700,
"HUT","13:30:09",21,0.2,1000,10913200,
"HUT","13:30:02",21,0.2,100,10912200,
"HUT","13:29:56",20.9,0.1,500,10912100,
"HUT","13:29:48",21,0.2,300,10911600,
"HUT","13:29:29",21,0.2,10000,10911300,
"HUT","13:29:18",20.9,0.1,5600,10901300,
"HUT","13:29:07",20.9,0.1,400,10895700,
"HUT","13:29:00",20.9,0.1,1000,10895300,
"HUT","13:28:54",20.9,0.1,2000,10894300,
"HUT","13:28:30",20.9,0.1,100,10892300,
"HUT","13:28:12",20.9,0.1,1000,10892200,
"HUT","13:28:07",20.9,0.1,1300,10891200,
"HUT","13:27:59",20.9,0.1,5000,10889900,
"HUT","13:27:58",20.9,0.1,2000,10884900,
"HUT","13:27:57",20.9,0.1,300,10882900,
"HUT","13:27:53",21,0.2,300,10882600,
"HUT","13:27:51",20.9,0.1,5000,10882300,
"HUT","13:27:39",20.9,0.1,1000,10877300,
"HUT","13:27:35",20.9,0.1,3000,10876300,
"HUT","13:27:32",21,0.2,200,10873300,
"HUT","13:27:08",21,0.2,500,10873100,
"HUT","13:26:56",20.9,0.1,1800,10872600,
"HUT","13:26:54",20.9,0.1,4000,10870800,
"HUT","13:26:53",20.9,0.1,5000,10866800,
"HUT","13:26:52",20.8,0,9600,10861800,
"HUT","13:26:48",20.9,0.1,3100,10852200,
"HUT","13:26:47",20.9,0.1,14600,10849100,
"HUT","13:26:46",20.9,0.1,2000,10834500,
"HUT","13:26:45",20.9,0.1,5000,10832500,
"HUT","13:26:41",20.9,0.1,700,10827500,
"HUT","13:26:38",20.9,0.1,500,10826800,
"HUT","13:26:37",20.9,0.1,10000,10826300,
"HUT","13:26:35",20.8,0,9600,10816300,
"HUT","13:26:28",20.9,0.1,100,10806700,
"HUT","13:26:25",20.9,0.1,2000,10806600,
"HUT","13:26:24",20.9,0.1,1300,10804600,
"HUT","13:26:23",20.9,0.1,10000,10803300,
"HUT","13:26:14",20.9,0.1,10000,10793300,
"HUT","13:26:13",20.9,0.1,1200,10783300,
"HUT","13:26:07",20.9,0.1,2900,10782100,
"HUT","13:26:01",20.8,0,2500,10779200,
"HUT","13:25:47",20.8,0,500,10776700,
"HUT","13:25:34",20.8,0,500,10776200,
"HUT","13:25:28",20.8,0,2500,10775700,
"HUT","13:25:05",20.8,0,400,10773200,
"HUT","13:25:03",20.8,0,1000,10772800,
"HUT","13:24:56",20.8,0,200,10771800,
"HUT","13:24:46",20.8,0,5000,10771600,
"HUT","13:24:45",20.8,0,100,10766600,
"HUT","13:24:44",20.8,0,100,10766500,
"HUT","13:24:40",20.8,0,1000,10766400,
"HUT","13:24:35",20.8,0,100,10765400,
"HUT","13:24:18",20.8,0,2300,10765300,
"HUT","13:23:58",20.8,0,1000,10763000,
"HUT","13:23:55",20.8,0,500,10762000,
"HUT","13:23:54",20.9,0.1,500,10761500,
"HUT","13:23:48",20.8,0,300,10761000,
"HUT","13:23:32",20.8,0,300,10760700,
"HUT","13:23:23",20.9,0.1,3000,10760400,
"HUT","13:23:15",20.8,0,100,10757400,
"HUT","13:23:13",20.8,0,4000,10757300,
"HUT","13:23:08",20.8,0,200,10753300,
"HUT","13:23:07",20.8,0,30000,10753100,
"HUT","13:22:57",20.8,0,5000,10723100,
"HUT","13:22:45",20.8,0,10000,10718100,
"HUT","13:22:38",20.8,0,100,10708100,
"HUT","13:22:37",20.9,0.1,100000,10708000,
"HUT","13:22:16",20.8,0,1800,10608000,
"HUT","13:22:15",20.9,0.1,5000,10606200,
"HUT","13:22:04",20.9,0.1,1000,10601200,
"HUT","13:21:57",20.9,0.1,200,10600200,
"HUT","13:21:54",20.9,0.1,5000,10600000,
"HUT","13:21:51",20.9,0.1,2000,10595000,
"HUT","13:21:46",20.9,0.1,10000,10593000,
"HUT","13:21:45",20.9,0.1,100,10583000,
"HUT","13:21:43",20.9,0.1,2000,10582900,
"HUT","13:21:38",20.9,0.1,4000,10580900,
"HUT","13:21:35",20.9,0.1,5000,10576900,
"HUT","13:21:29",20.9,0.1,1000,10571900,
"HUT","13:21:27",20.9,0.1,4000,10570900,
"HUT","13:21:20",20.9,0.1,5000,10566900,
"HUT","13:21:13",20.9,0.1,500,10561900,
"HUT","13:21:12",20.8,0,10200,10561400,
"HUT","13:21:10",20.8,0,1200,10551200,
"HUT","13:21:03",20.8,0,200,10550000,
"HUT","13:21:00",20.9,0.1,2000,10549800,
"HUT","13:20:57",20.8,0,600,10547800,
"HUT","13:20:42",20.8,0,500,10547200,
"HUT","13:20:36",20.8,0,22000,10546700,
"HUT","13:20:32",20.8,0,1000,10524700,
"HUT","13:20:24",20.8,0,1000,10523700,
"HUT","13:20:09",20.9,0.1,10000,10522700,
"HUT","13:20:00",20.8,0,1000,10512700,
"HUT","13:19:57",20.9,0.1,500,10511700,
"HUT","13:19:49",20.9,0.1,100,10511200,
"HUT","13:19:42",20.9,0.1,1000,10511100,
"HUT","13:19:31",20.9,0.1,10000,10510100,
"HUT","13:18:59",20.9,0.1,11100,10500100,
"HUT","13:18:58",20.9,0.1,1500,10489000,
"HUT","13:18:56",20.9,0.1,1000,10487500,
"HUT","13:18:51",20.9,0.1,2000,10486500,
"HUT","13:18:50",20.9,0.1,300,10484500,
"HUT","13:18:48",20.9,0.1,200,10484200,
"HUT","13:18:42",20.9,0.1,100,10484000,
"HUT","13:18:39",20.9,0.1,100,10483900,
"HUT","13:18:35",20.9,0.1,5000,10483800,
"HUT","13:18:34",20.9,0.1,1000,10478800,
"HUT","13:18:33",20.9,0.1,5000,10477800,
"HUT","13:18:23",20.9,0.1,2000,10472800,
"HUT","13:18:22",20.9,0.1,100,10470800,
"HUT","13:18:15",20.9,0.1,5000,10470700,
"HUT","13:18:07",20.9,0.1,3000,10465700,
"HUT","13:18:05",20.9,0.1,1000,10462700,
"HUT","13:18:01",20.9,0.1,500,10461700,
"HUT","13:17:57",20.9,0.1,100,10461200,
"HUT","13:17:53",20.9,0.1,400,10461100,
"HUT","13:17:42",20.9,0.1,1500,10460700,
"HUT","13:17:35",20.9,0.1,1000,10459200,
"HUT","13:17:26",20.9,0.1,10000,10458200,
"HUT","13:17:21",20.9,0.1,1000,10448200,
"HUT","13:17:12",20.9,0.1,7000,10447200,
"HUT","13:17:08",20.9,0.1,200,10440200,
"HUT","13:17:03",20.9,0.1,100,10440000,
"HUT","13:17:02",20.9,0.1,100,10439900,
"HUT","13:16:58",20.9,0.1,3000,10439800,
"HUT","13:16:54",20.9,0.1,100,10436800,
"HUT","13:16:53",20.9,0.1,2000,10436700,
"HUT","13:16:51",20.9,0.1,90000,10434700,
"HUT","13:16:29",20.9,0.1,50000,10344700,
"HUT","13:16:20",20.9,0.1,1000,10294700,
"HUT","13:16:18",20.9,0.1,900,10293700,
"HUT","13:16:07",20.9,0.1,400,10292800,
"HUT","13:16:01",20.9,0.1,1000,10292400,
"HUT","13:15:46",20.9,0.1,50000,10291400,
"HUT","13:15:43",21,0.2,5000,10241400,
"HUT","13:15:38",21,0.2,1000,10236400,
"HUT","13:15:35",21,0.2,4300,10235400,
"HUT","13:15:28",21,0.2,500,10231100,
"HUT","13:15:27",21,0.2,200,10230600,
"HUT","13:15:21",21,0.2,5000,10230400,
"HUT","13:15:04",21,0.2,100,10225400,
"HUT","13:14:55",21,0.2,5000,10225300,
"HUT","13:14:40",21,0.2,2700,10220300,
"HUT","13:14:34",21,0.2,400,10217600,
"HUT","13:14:31",21,0.2,2000,10217200,
"HUT","13:14:28",21.1,0.3,1000,10215200,
"HUT","13:14:27",21,0.2,1000,10214200,
"HUT","13:14:26",21,0.2,200,10213200,
"HUT","13:14:20",21,0.2,200,10213000,
"HUT","13:14:09",21,0.2,800,10212800,
"HUT","13:14:06",21,0.2,5000,10212000,
"HUT","13:14:04",21,0.2,200,10207000,
"HUT","13:14:02",21,0.2,100,10206800,
"HUT","13:14:00",21,0.2,500,10206700,
"HUT","13:13:53",21,0.2,1300,10206200,
"HUT","13:13:47",21,0.2,3000,10204900,
"HUT","13:13:45",21,0.2,100,10201900,
"HUT","13:13:26",21,0.2,4400,10201800,
"HUT","13:13:25",21,0.2,33600,10197400,
"HUT","13:13:20",21,0.2,1000,10163800,
"HUT","13:13:15",21,0.2,1000,10162800,
"HUT","13:13:00",21,0.2,200,10161800,
"HUT","13:12:29",21,0.2,4300,10161600,
"HUT","13:12:24",21,0.2,2000,10157300,
"HUT","13:12:16",21,0.2,6000,10155300,
"HUT","13:12:15",21,0.2,300,10149300,
"HUT","13:12:01",21,0.2,2000,10149000,
"HUT","13:11:55",21,0.2,2300,10147000,
"HUT","13:11:53",21,0.2,5000,10144700,
"HUT","13:11:45",21,0.2,1200,10139700,
"HUT","13:11:44",21,0.2,500,10138500,
"HUT","13:11:31",21,0.2,2000,10138000,
"HUT","13:11:24",21,0.2,100,10136000,
"HUT","13:11:17",21,0.2,500,10135900,
"HUT","13:11:13",21,0.2,30000,10135400,
"HUT","13:11:05",21.1,0.3,300,10105400,
"HUT","13:10:51",21,0.2,800,10105100,
"HUT","13:10:44",21,0.2,200,10104300,
"HUT","13:10:43",21.1,0.3,300,10104100,
"HUT","13:10:34",21,0.2,200,10103800,
"HUT","13:10:25",21,0.2,1000,10103600,
"HUT","13:10:18",21,0.2,50000,10102600,
"HUT","13:10:13",21,0.2,200,10052600,
"HUT","13:09:53",21,0.2,1300,10052400,
"HUT","13:09:51",21,0.2,500,10051100,
"HUT","13:09:32",21,0.2,2000,10050600,
"HUT","13:09:28",21.1,0.3,100,10048600,
"HUT","13:09:06",21.1,0.3,40000,10048500,
"HUT","13:08:57",21,0.2,100,10008500,
"HUT","13:08:55",21,0.2,100000,10008400,
"HUT","13:08:54",21,0.2,2000,9908400,
"HUT","13:08:33",21,0.2,2000,9906400,
"HUT","13:08:32",21,0.2,200,9904400,
"HUT","13:08:19",21,0.2,4000,9904200,
"HUT","13:08:15",21,0.2,5000,9900200,
"HUT","13:07:58",21,0.2,500,9895200,
"HUT","13:07:36",21,0.2,500,9894700,
"HUT","13:07:26",21,0.2,1000,9894200,
"HUT","13:07:25",21,0.2,500,9893200,
"HUT","13:07:20",21,0.2,1200,9892700,
"HUT","13:07:12",21,0.2,100,9891500,
"HUT","13:07:10",21,0.2,8800,9891400,
"HUT","13:07:09",21,0.2,2000,9882600,
"HUT","13:07:07",21,0.2,5000,9880600,
"HUT","13:07:04",21,0.2,5000,9875600,
"HUT","13:07:03",21,0.2,500,9870600,
"HUT","13:07:00",21,0.2,300,9870100,
"HUT","13:06:59",21,0.2,2400,9869800,
"HUT","13:06:57",21,0.2,100,9867400,
"HUT","13:06:56",21,0.2,22500,9867300,
"HUT","13:06:44",21,0.2,500,9844800,
"HUT","13:06:43",20.9,0.1,2000,9844300,
"HUT","13:06:40",21,0.2,10000,9842300,
"HUT","13:06:38",20.9,0.1,1200,9832300,
"HUT","13:06:35",20.9,0.1,6000,9831100,
"HUT","13:06:32",21,0.2,10000,9825100,
"HUT","13:06:27",20.9,0.1,100,9815100,
"HUT","13:06:26",20.9,0.1,500,9815000,
"HUT","13:06:13",20.9,0.1,300,9814500,
"HUT","13:06:12",20.9,0.1,2000,9814200,
"HUT","13:06:08",20.9,0.1,500,9812200,
"HUT","13:05:52",20.9,0.1,1000,9811700,
"HUT","13:05:50",21,0.2,5000,9810700,
"HUT","13:05:39",21,0.2,3800,9805700,
"HUT","13:05:38",21,0.2,300,9801900,
"HUT","13:05:36",20.9,0.1,2000,9801600,
"HUT","13:05:33",21,0.2,400,9799600,
"HUT","13:05:31",21,0.2,10000,9799200,
"HUT","13:05:30",21,0.2,200,9789200,
"HUT","13:05:26",21,0.2,2000,9789000,
"HUT","13:05:23",21,0.2,1200,9787000,
"HUT","13:05:14",21,0.2,20000,9785800,
"HUT","13:05:06",20.9,0.1,10000,9765800,
"HUT","13:04:54",21,0.2,10000,9755800,
"HUT","13:04:00",21,0.2,100,9745800,
"HUT","13:03:51",21,0.2,100,9745700,
"HUT","13:03:21",21,0.2,10000,9745600,
"HUT","13:03:20",21,0.2,1000,9735600,
"HUT","13:03:15",20.9,0.1,3000,9734600,
"HUT","13:03:09",20.9,0.1,1100,9731600,
"HUT","13:02:52",20.9,0.1,5300,9730500,
"HUT","13:02:51",20.9,0.1,20000,9725200,
"HUT","13:02:48",21,0.2,1000,9705200,
"HUT","13:02:45",21,0.2,4500,9704200,
"HUT","13:02:38",21,0.2,400,9699700,
"HUT","13:02:37",21,0.2,1000,9699300,
"HUT","13:02:36",21,0.2,1200,9698300,
"HUT","13:02:31",21,0.2,300,9697100,
"HUT","13:02:28",21,0.2,500,9696800,
"HUT","13:02:25",21,0.2,300,9696300,
"HUT","13:02:21",21,0.2,4900,9696000,
"HUT","13:02:12",21,0.2,2100,9691100,
"HUT","13:02:11",21,0.2,8500,9689000,
"HUT","13:01:59",21,0.2,500,9680500,
"HUT","13:01:57",21,0.2,1000,9680000,
"HUT","13:01:23",21.1,0.3,10000,9679000,
"HUT","13:01:22",21,0.2,16300,9669000,
"HUT","13:01:19",21,0.2,10000,9652700,
"HUT","13:00:34",21,0.2,500,9642700,
"HUT","13:00:19",21,0.2,3600,9642200,
"HUT","13:00:16",21,0.2,1000,9638600,
"HUT","13:00:13",21,0.2,100,9637600,
"HUT","13:00:08",21,0.2,21000,9637500,
"HUT","13:00:07",21,0.2,8200,9616500,
"HUT","13:00:06",21,0.2,20400,9608300,
"HUT","13:00:05",21,0.2,27200,9587900,
"HUT","13:00:03",21,0.2,2700,9560700,
"HUT","13:00:02",21,0.2,14000,9558000,
"HUT","13:00:01",21,0.2,46000,9544000,
"HUT","11:29:58",21,0.2,600,9498000,
"HUT","11:29:55",21,0.2,4400,9497400,
"HUT","11:29:50",21,0.2,900,9493000,
"HUT","11:29:48",21,0.2,1000,9492100,
"HUT","11:29:26",21,0.2,2200,9491100,
"HUT","11:29:20",21,0.2,10500,9488900,
"HUT","11:29:02",21.1,0.3,1300,9478400,
"HUT","11:29:00",21.1,0.3,2000,9477100,
"HUT","11:28:51",21,0.2,500,9475100,
"HUT","11:28:43",21.1,0.3,500,9474600,
"HUT","11:28:33",21,0.2,100,9474100,
"HUT","11:28:27",21,0.2,400,9474000,
"HUT","11:28:19",21,0.2,600,9473600,
"HUT","11:28:17",21,0.2,300,9473000,
"HUT","11:28:14",21,0.2,5000,9472700,
"HUT","11:28:01",21,0.2,2500,9467700,
"HUT","11:27:56",21,0.2,3000,9465200,
"HUT","11:27:54",21,0.2,500,9462200,
"HUT","11:27:50",21,0.2,10000,9461700,
"HUT","11:27:47",21,0.2,8800,9451700,
"HUT","11:27:26",21,0.2,300,9442900,
"HUT","11:27:08",21,0.2,1000,9442600,
"HUT","11:27:01",21,0.2,1000,9441600,
"HUT","11:26:58",21,0.2,5000,9440600,
"HUT","11:26:54",21,0.2,2000,9435600,
"HUT","11:26:47",21,0.2,100,9433600,
"HUT","11:26:40",21,0.2,700,9433500,
"HUT","11:26:23",21,0.2,400,9432800,
"HUT","11:26:14",21,0.2,1000,9432400,
"HUT","11:26:09",21,0.2,3000,9431400,
"HUT","11:26:06",21,0.2,500,9428400,
"HUT","11:26:04",21,0.2,100,9427900,
"HUT","11:25:55",21,0.2,9100,9427800,
"HUT","11:25:50",21,0.2,400,9418700,
"HUT","11:25:14",21,0.2,7000,9418300,
"HUT","11:25:02",21.1,0.3,100,9411300,
"HUT","11:25:01",21,0.2,1000,9411200,
"HUT","11:24:44",21,0.2,2000,9410200,
"HUT","11:23:55",21,0.2,10000,9408200,
"HUT","11:23:17",21.1,0.3,5000,9398200,
"HUT","11:22:55",21.1,0.3,1000,9393200,
"HUT","11:22:54",21.1,0.3,2500,9392200,
"HUT","11:22:09",21.1,0.3,1000,9389700,
"HUT","11:22:04",21.1,0.3,5000,9388700,
"HUT","11:21:55",21.1,0.3,200,9383700,
"HUT","11:21:40",21.1,0.3,1000,9383500,
"HUT","11:21:33",21.1,0.3,1100,9382500,
"HUT","11:21:23",21.1,0.3,5000,9381400,
"HUT","11:21:20",21,0.2,30000,9376400,
"HUT","11:21:08",21.1,0.3,2000,9346400,
"HUT","11:21:06",21.1,0.3,5000,9344400,
"HUT","11:21:00",21.1,0.3,100,9339400,
"HUT","11:20:55",21.1,0.3,100,9339300,
"HUT","11:20:39",21,0.2,30000,9339200,
"HUT","11:20:02",21,0.2,1000,9309200,
"HUT","11:19:59",21,0.2,900,9308200,
"HUT","11:19:45",21,0.2,100,9307300,
"HUT","11:19:19",21,0.2,100,9307200,
"HUT","11:19:08",21,0.2,30000,9307100,
"HUT","11:19:07",21.1,0.3,500,9277100,
"HUT","11:18:32",21.1,0.3,400,9276600,
"HUT","11:18:17",21.1,0.3,500,9276200,
"HUT","11:18:07",21.1,0.3,500,9275700,
"HUT","11:17:45",21.1,0.3,300,9275200,
"HUT","11:17:22",21,0.2,1000,9274900,
"HUT","11:17:21",21.1,0.3,7000,9273900,
"HUT","11:17:20",21,0.2,1100,9266900,
"HUT","11:17:19",21,0.2,1000,9265800,
"HUT","11:17:18",21.1,0.3,22200,9264800,
"HUT","11:17:16",21.1,0.3,500,9242600,
"HUT","11:17:15",21.1,0.3,18000,9242100,
"HUT","11:17:14",21.1,0.3,32500,9224100,
"HUT","11:17:10",21.1,0.3,51000,9191600,
"HUT","11:17:08",21.1,0.3,10200,9140600,
"HUT","11:17:07",21.1,0.3,600,9130400,
"HUT","11:17:04",21.1,0.3,500,9129800,
"HUT","11:17:03",21.1,0.3,10000,9129300,
"HUT","11:17:02",21.1,0.3,1000,9119300,
"HUT","11:16:59",21.1,0.3,8000,9118300,
"HUT","11:16:56",21.1,0.3,200,9110300,
"HUT","11:16:52",21.1,0.3,3000,9110100,
"HUT","11:16:51",21.1,0.3,1000,9107100,
"HUT","11:16:50",21.1,0.3,500,9106100,
"HUT","11:16:45",21.1,0.3,50100,9105600,
"HUT","11:16:39",21.1,0.3,2000,9055500,
"HUT","11:16:16",21.1,0.3,5000,9053500,
"HUT","11:16:05",21.1,0.3,1000,9048500,
"HUT","11:15:58",21.2,0.4,300,9047500,
"HUT","11:15:48",21.1,0.3,1500,9047200,
"HUT","11:15:17",21.1,0.3,1000,9045700,
"HUT","11:14:22",21.1,0.3,1000,9044700,
"HUT","11:14:13",21.1,0.3,2000,9043700,
"HUT","11:14:05",21.1,0.3,1000,9041700,
"HUT","11:13:59",21.1,0.3,100,9040700,
"HUT","11:13:48",21.1,0.3,1000,9040600,
"HUT","11:12:09",21.1,0.3,500,9039600,
"HUT","11:11:52",21.1,0.3,300,9039100,
"HUT","11:11:34",21.1,0.3,6000,9038800,
"HUT","11:11:05",21.1,0.3,100,9032800,
"HUT","11:10:36",21.2,0.4,200,9032700,
"HUT","11:10:25",21.1,0.3,100000,9032500,
"HUT","11:10:09",21.2,0.4,35800,8932500,
"HUT","11:09:59",21.1,0.3,2000,8896700,
"HUT","11:09:51",21.2,0.4,5100,8894700,
"HUT","11:09:47",21.1,0.3,100,8889600,
"HUT","11:09:38",21.1,0.3,600,8889500,
"HUT","11:09:21",21.2,0.4,100,8888900,
"HUT","11:09:05",21.2,0.4,100,8888800,
"HUT","11:08:50",21.2,0.4,200,8888700,
"HUT","11:08:32",21.2,0.4,200,8888500,
"HUT","11:08:13",21.2,0.4,5000,8888300,
"HUT","11:08:06",21.2,0.4,5000,8883300,
"HUT","11:07:50",21.2,0.4,35400,8878300,
"HUT","11:07:23",21.1,0.3,600,8842900,
"HUT","11:06:57",21.2,0.4,500,8842300,
"HUT","11:06:44",21.2,0.4,2000,8841800,
"HUT","11:06:24",21.2,0.4,100,8839800,
"HUT","11:05:40",21.2,0.4,2000,8839700,
"HUT","11:05:23",21.2,0.4,2000,8837700,
"HUT","11:05:06",21.1,0.3,500,8835700,
"HUT","11:05:04",21.1,0.3,300,8835200,
"HUT","11:04:40",21.1,0.3,500,8834900,
"HUT","11:04:28",21.1,0.3,12000,8834400,
"HUT","11:04:22",21.1,0.3,500,8822400,
"HUT","11:04:13",21.1,0.3,5000,8821900,
"HUT","11:04:05",21.1,0.3,4000,8816900,
"HUT","11:03:13",21.1,0.3,700,8812900,
"HUT","11:03:12",21.2,0.4,200,8812200,
"HUT","11:02:54",21.2,0.4,100,8812000,
"HUT","11:02:30",21.2,0.4,100,8811900,
"HUT","11:02:08",21.2,0.4,7000,8811800,
"HUT","11:01:52",21.2,0.4,200,8804800,
"HUT","11:01:45",21.2,0.4,300,8804600,
"HUT","11:00:59",21.2,0.4,2000,8804300,
"HUT","11:00:58",21.1,0.3,1500,8802300,
"HUT","11:00:52",21.1,0.3,15000,8800800,
"HUT","11:00:50",21.2,0.4,2200,8785800,
"HUT","10:59:39",21.1,0.3,200,8783600,
"HUT","10:59:25",21.1,0.3,200,8783400,
"HUT","10:59:22",21.2,0.4,2000,8783200,
"HUT","10:59:13",21.2,0.4,300,8781200,
"HUT","10:59:10",21.2,0.4,100,8780900,
"HUT","10:58:57",21.1,0.3,5000,8780800,
"HUT","10:58:41",21.1,0.3,2000,8775800,
"HUT","10:58:39",21.1,0.3,100,8773800,
"HUT","10:58:18",21.1,0.3,100,8773700,
"HUT","10:57:43",21.2,0.4,100,8773600,
"HUT","10:57:25",21.1,0.3,100,8773500,
"HUT","10:57:21",21.1,0.3,100,8773400,
"HUT","10:56:16",21.1,0.3,500,8773300,
"HUT","10:56:13",21.1,0.3,1000,8772800,
"HUT","10:56:05",21.2,0.4,500,8771800,
"HUT","10:55:56",21.2,0.4,1200,8771300,
"HUT","10:55:20",21.2,0.4,2000,8770100,
"HUT","10:55:04",21.2,0.4,100,8768100,
"HUT","10:54:49",21.2,0.4,1000,8768000,
"HUT","10:54:07",21.2,0.4,100,8767000,
"HUT","10:53:50",21.2,0.4,5000,8766900,
"HUT","10:53:49",21.1,0.3,100,8761900,
"HUT","10:53:39",21.1,0.3,2000,8761800,
"HUT","10:53:26",21.2,0.4,1200,8759800,
"HUT","10:53:12",21.2,0.4,300,8758600,
"HUT","10:53:09",21.2,0.4,300,8758300,
"HUT","10:53:01",21.2,0.4,100,8758000,
"HUT","10:52:54",21.1,0.3,1000,8757900,
"HUT","10:52:50",21.2,0.4,100,8756900,
"HUT","10:52:46",21.1,0.3,200,8756800,
"HUT","10:52:19",21.1,0.3,200,8756600,
"HUT","10:51:34",21.1,0.3,100,8756400,
"HUT","10:51:30",21.2,0.4,100,8756300,
"HUT","10:51:10",21.1,0.3,2000,8756200,
"HUT","10:50:56",21.1,0.3,3000,8754200,
"HUT","10:49:47",21.1,0.3,10000,8751200,
"HUT","10:49:35",21.2,0.4,100,8741200,
"HUT","10:49:29",21.1,0.3,25000,8741100,
"HUT","10:49:16",21.2,0.4,2500,8716100,
"HUT","10:48:59",21.2,0.4,1600,8713600,
"HUT","10:48:47",21.2,0.4,7900,8712000,
"HUT","10:48:28",21.1,0.3,3000,8704100,
"HUT","10:48:27",21.1,0.3,900,8701100,
"HUT","10:48:07",21.2,0.4,500,8700200,
"HUT","10:48:00",21.2,0.4,5000,8699700,
"HUT","10:47:39",21.2,0.4,22600,8694700,
"HUT","10:47:03",21.2,0.4,100,8672100,
"HUT","10:46:47",21.2,0.4,100,8672000,
"HUT","10:46:24",21.2,0.4,100,8671900,
"HUT","10:46:21",21.2,0.4,200,8671800,
"HUT","10:46:19",21.2,0.4,500,8671600,
"HUT","10:45:57",21.2,0.4,400,8671100,
"HUT","10:45:51",21.2,0.4,200,8670700,
"HUT","10:45:50",21.2,0.4,2400,8670500,
"HUT","10:45:48",21.2,0.4,12000,8668100,
"HUT","10:45:44",21.2,0.4,2000,8656100,
"HUT","10:45:35",21.2,0.4,5000,8654100,
"HUT","10:45:32",21.2,0.4,1500,8649100,
"HUT","10:45:17",21.2,0.4,100,8647600,
"HUT","10:45:15",21.2,0.4,2000,8647500,
"HUT","10:45:14",21.2,0.4,2000,8645500,
"HUT","10:45:13",21.2,0.4,500,8643500,
"HUT","10:45:10",21.2,0.4,500,8643000,
"HUT","10:45:02",21.2,0.4,500,8642500,
"HUT","10:44:52",21.2,0.4,100,8642000,
"HUT","10:44:47",21.2,0.4,1000,8641900,
"HUT","10:44:39",21.2,0.4,2000,8640900,
"HUT","10:44:33",21.2,0.4,2000,8638900,
"HUT","10:44:31",21.2,0.4,1000,8636900,
"HUT","10:44:20",21.2,0.4,2000,8635900,
"HUT","10:44:16",21.2,0.4,1000,8633900,
"HUT","10:44:12",21.2,0.4,10000,8632900,
"HUT","10:43:59",21.2,0.4,15300,8622900,
"HUT","10:43:14",21.2,0.4,700,8607600,
"HUT","10:43:00",21.2,0.4,2000,8606900,
"HUT","10:42:58",21.2,0.4,1000,8604900,
"HUT","10:42:55",21.2,0.4,4600,8603900,
"HUT","10:42:47",21.2,0.4,8700,8599300,
"HUT","10:42:46",21.2,0.4,80000,8590600,
"HUT","10:42:32",21.2,0.4,2500,8510600,
"HUT","10:42:03",21.2,0.4,500,8508100,
"HUT","10:41:54",21.3,0.5,100,8507600,
"HUT","10:41:50",21.3,0.5,100,8507500,
"HUT","10:41:49",21.2,0.4,16800,8507400,
"HUT","10:41:37",21.2,0.4,500,8490600,
"HUT","10:41:15",21.2,0.4,500,8490100,
"HUT","10:41:09",21.3,0.5,100,8489600,
"HUT","10:40:55",21.2,0.4,900,8489500,
"HUT","10:40:30",21.3,0.5,3000,8488600,
"HUT","10:40:15",21.2,0.4,2000,8485600,
"HUT","10:39:19",21.2,0.4,300,8483600,
"HUT","10:39:01",21.2,0.4,2000,8483300,
"HUT","10:38:07",21.3,0.5,200,8481300,
"HUT","10:38:03",21.3,0.5,500,8481100,
"HUT","10:37:49",21.3,0.5,1000,8480600,
"HUT","10:37:39",21.2,0.4,3000,8479600,
"HUT","10:37:25",21.3,0.5,2500,8476600,
"HUT","10:37:12",21.3,0.5,9000,8474100,
"HUT","10:36:54",21.3,0.5,1900,8465100,
"HUT","10:36:52",21.2,0.4,1000,8463200,
"HUT","10:36:30",21.2,0.4,4000,8462200,
"HUT","10:36:07",21.3,0.5,2200,8458200,
"HUT","10:35:57",21.3,0.5,500,8456000,
"HUT","10:34:27",21.3,0.5,100,8455500,
"HUT","10:34:07",21.3,0.5,100,8455400,
"HUT","10:33:47",21.3,0.5,300,8455300,
"HUT","10:33:26",21.3,0.5,20000,8455000,
"HUT","10:33:22",21.3,0.5,200,8435000,
"HUT","10:33:20",21.2,0.4,4000,8434800,
"HUT","10:32:52",21.3,0.5,100,8430800,
"HUT","10:32:45",21.2,0.4,10000,8430700,
"HUT","10:32:35",21.3,0.5,2000,8420700,
"HUT","10:32:22",21.3,0.5,2000,8418700,
"HUT","10:32:16",21.2,0.4,4000,8416700,
"HUT","10:32:10",21.2,0.4,1000,8412700,
"HUT","10:31:10",21.3,0.5,100,8411700,
"HUT","10:31:01",21.2,0.4,500,8411600,
"HUT","10:30:54",21.3,0.5,100,8411100,
"HUT","10:30:41",21.2,0.4,5000,8411000,
"HUT","10:30:29",21.2,0.4,2900,8406000,
"HUT","10:30:26",21.3,0.5,20000,8403100,
"HUT","10:30:13",21.2,0.4,5000,8383100,
"HUT","10:30:10",21.2,0.4,100,8378100,
"HUT","10:29:54",21.2,0.4,7000,8378000,
"HUT","10:29:48",21.2,0.4,10000,8371000,
"HUT","10:29:38",21.2,0.4,500,8361000,
"HUT","10:29:30",21.2,0.4,8000,8360500,
"HUT","10:29:28",21.2,0.4,4000,8352500,
"HUT","10:29:01",21.2,0.4,1000,8348500,
"HUT","10:28:36",21.2,0.4,700,8347500,
"HUT","10:28:32",21.2,0.4,300,8346800,
"HUT","10:28:04",21.2,0.4,1500,8346500,
"HUT","10:27:44",21.2,0.4,25000,8345000,
"HUT","10:27:33",21.2,0.4,1000,8320000,
"HUT","10:27:11",21.2,0.4,3000,8319000,
"HUT","10:26:43",21.2,0.4,7500,8316000,
"HUT","10:26:30",21.2,0.4,500,8308500,
"HUT","10:26:17",21.3,0.5,100,8308000,
"HUT","10:25:53",21.3,0.5,300,8307900,
"HUT","10:25:48",21.3,0.5,500,8307600,
"HUT","10:25:21",21.3,0.5,100,8307100,
"HUT","10:24:53",21.2,0.4,10000,8307000,
"HUT","10:23:40",21.3,0.5,200,8297000,
"HUT","10:23:24",21.3,0.5,100,8296800,
"HUT","10:23:14",21.2,0.4,30000,8296700,
"HUT","10:23:04",21.3,0.5,100,8266700,
"HUT","10:22:52",21.2,0.4,50000,8266600,
"HUT","10:22:42",21.2,0.4,40000,8216600,
"HUT","10:22:35",21.2,0.4,2600,8176600,
"HUT","10:22:34",21.2,0.4,500,8174000,
"HUT","10:22:13",21.2,0.4,100,8173500,
"HUT","10:21:52",21.2,0.4,100,8173400,
"HUT","10:21:50",21.3,0.5,300,8173300,
"HUT","10:21:46",21.3,0.5,1000,8173000,
"HUT","10:21:31",21.2,0.4,4100,8172000,
"HUT","10:21:18",21.2,0.4,1000,8167900,
"HUT","10:21:17",21.2,0.4,1000,8166900,
"HUT","10:20:59",21.2,0.4,200,8165900,
"HUT","10:20:49",21.2,0.4,1000,8165700,
"HUT","10:20:45",21.2,0.4,900,8164700,
"HUT","10:20:27",21.2,0.4,700,8163800,
"HUT","10:20:20",21.2,0.4,100,8163100,
"HUT","10:20:19",21.2,0.4,10100,8163000,
"HUT","10:20:17",21.3,0.5,5000,8152900,
"HUT","10:20:12",21.2,0.4,2000,8147900,
"HUT","10:19:24",21.3,0.5,800,8145900,
"HUT","10:18:22",21.3,0.5,300,8145100,
"HUT","10:18:10",21.3,0.5,300,8144800,
"HUT","10:17:44",21.3,0.5,3000,8144500,
"HUT","10:17:43",21.3,0.5,1500,8141500,
"HUT","10:17:26",21.3,0.5,7400,8140000,
"HUT","10:17:23",21.3,0.5,400,8132600,
"HUT","10:17:21",21.3,0.5,200,8132200,
"HUT","10:17:16",21.3,0.5,15100,8132000,
"HUT","10:17:11",21.3,0.5,5000,8116900,
"HUT","10:17:05",21.3,0.5,1600,8111900,
"HUT","10:16:53",21.3,0.5,5000,8110300,
"HUT","10:16:46",21.3,0.5,2000,8105300,
"HUT","10:16:35",21.3,0.5,10000,8103300,
"HUT","10:16:30",21.3,0.5,5000,8093300,
"HUT","10:16:27",21.3,0.5,100,8088300,
"HUT","10:16:22",21.3,0.5,400,8088200,
"HUT","10:16:20",21.3,0.5,300,8087800,
"HUT","10:16:13",21.3,0.5,400,8087500,
"HUT","10:16:06",21.3,0.5,100,8087100,
"HUT","10:16:03",21.3,0.5,1600,8087000,
"HUT","10:15:56",21.3,0.5,3400,8085400,
"HUT","10:15:53",21.2,0.4,1000,8082000,
"HUT","10:15:50",21.3,0.5,3400,8081000,
"HUT","10:15:44",21.3,0.5,1000,8077600,
"HUT","10:15:42",21.3,0.5,200,8076600,
"HUT","10:15:36",21.3,0.5,1900,8076400,
"HUT","10:15:31",21.3,0.5,800,8074500,
"HUT","10:15:24",21.3,0.5,500,8073700,
"HUT","10:15:17",21.3,0.5,100,8073200,
"HUT","10:15:11",21.3,0.5,100,8073100,
"HUT","10:15:09",21.3,0.5,7000,8073000,
"HUT","10:15:08",21.3,0.5,4000,8066000,
"HUT","10:14:59",21.3,0.5,2000,8062000,
"HUT","10:14:58",21.3,0.5,1600,8060000,
"HUT","10:14:54",21.3,0.5,300,8058400,
"HUT","10:14:43",21.3,0.5,100,8058100,
"HUT","10:14:38",21.3,0.5,300,8058000,
"HUT","10:14:37",21.3,0.5,19700,8057700,
"HUT","10:14:34",21.3,0.5,10000,8038000,
"HUT","10:14:32",21.3,0.5,500,8028000,
"HUT","10:14:31",21.3,0.5,3000,8027500,
"HUT","10:14:29",21.3,0.5,2500,8024500,
"HUT","10:14:28",21.3,0.5,11200,8022000,
"HUT","10:14:27",21.3,0.5,5000,8010800,
"HUT","10:14:26",21.3,0.5,3000,8005800,
"HUT","10:14:25",21.3,0.5,5200,8002800,
"HUT","10:14:18",21.3,0.5,5000,7997600,
"HUT","10:14:16",21.3,0.5,1000,7992600,
"HUT","10:14:08",21.3,0.5,2000,7991600,
"HUT","10:13:55",21.3,0.5,24000,7989600,
"HUT","10:13:54",21.3,0.5,100,7965600,
"HUT","10:13:37",21.3,0.5,115000,7965500,
"HUT","10:13:23",21.3,0.5,100,7850500,
"HUT","10:13:19",21.3,0.5,800,7850400,
"HUT","10:12:35",21.3,0.5,500,7849600,
"HUT","10:12:32",21.4,0.6,200,7849100,
"HUT","10:12:11",21.4,0.6,1000,7848900,
"HUT","10:11:04",21.4,0.6,4700,7847900,
"HUT","10:10:49",21.3,0.5,20000,7843200,
"HUT","10:10:48",21.3,0.5,10000,7823200,
"HUT","10:10:23",21.4,0.6,500,7813200,
"HUT","10:10:22",21.3,0.5,500,7812700,
"HUT","10:10:09",21.4,0.6,500,7812200,
"HUT","10:09:57",21.4,0.6,200,7811700,
"HUT","10:09:37",21.4,0.6,10000,7811500,
"HUT","10:09:31",21.4,0.6,400,7801500,
"HUT","10:09:28",21.4,0.6,200,7801100,
"HUT","10:09:25",21.4,0.6,4900,7800900,
"HUT","10:07:38",21.4,0.6,100,7796000,
"HUT","10:07:36",21.4,0.6,1700,7795900,
"HUT","10:07:20",21.4,0.6,200,7794200,
"HUT","10:07:17",21.3,0.5,10000,7794000,
"HUT","10:07:10",21.4,0.6,100,7784000,
"HUT","10:07:08",21.3,0.5,1000,7783900,
"HUT","10:06:58",21.3,0.5,1000,7782900,
"HUT","10:06:07",21.3,0.5,100,7781900,
"HUT","10:06:01",21.3,0.5,5000,7781800,
"HUT","10:05:59",21.3,0.5,100,7776800,
"HUT","10:05:58",21.3,0.5,100,7776700,
"HUT","10:05:57",21.3,0.5,3000,7776600,
"HUT","10:05:25",21.3,0.5,200,7773600,
"HUT","10:05:21",21.3,0.5,1000,7773400,
"HUT","10:05:20",21.3,0.5,500,7772400,
"HUT","10:05:18",21.3,0.5,700,7771900,
"HUT","10:04:56",21.3,0.5,2000,7771200,
"HUT","10:04:50",21.4,0.6,500,7769200,
"HUT","10:04:40",21.4,0.6,200,7768700,
"HUT","10:04:37",21.4,0.6,200,7768500,
"HUT","10:04:33",21.4,0.6,500,7768300,
"HUT","10:04:31",21.3,0.5,5000,7767800,
"HUT","10:04:22",21.4,0.6,500,7762800,
"HUT","10:04:20",21.4,0.6,10600,7762300,
"HUT","10:04:12",21.4,0.6,20000,7751700,
"HUT","10:04:08",21.3,0.5,2000,7731700,
"HUT","10:04:06",21.3,0.5,10000,7729700,
"HUT","10:03:56",21.3,0.5,300,7719700,
"HUT","10:03:54",21.3,0.5,500,7719400,
"HUT","10:03:51",21.3,0.5,500,7718900,
"HUT","10:03:45",21.3,0.5,800,7718400,
"HUT","10:03:44",21.3,0.5,10000,7717600,
"HUT","10:03:41",21.3,0.5,5000,7707600,
"HUT","10:03:34",21.3,0.5,10100,7702600,
"HUT","10:03:22",21.3,0.5,100,7692500,
"HUT","10:03:10",21.4,0.6,1000,7692400,
"HUT","10:03:01",21.4,0.6,100,7691400,
"HUT","10:02:57",21.3,0.5,10000,7691300,
"HUT","10:02:38",21.4,0.6,15000,7681300,
"HUT","10:02:35",21.3,0.5,6200,7666300,
"HUT","10:02:32",21.3,0.5,5600,7660100,
"HUT","10:02:26",21.4,0.6,300,7654500,
"HUT","10:02:23",21.3,0.5,20000,7654200,
"HUT","10:02:04",21.3,0.5,1100,7634200,
"HUT","10:01:53",21.3,0.5,200,7633100,
"HUT","10:01:22",21.3,0.5,1000,7632900,
"HUT","10:01:14",21.3,0.5,100,7631900,
"HUT","10:01:05",21.4,0.6,3300,7631800,
"HUT","10:01:02",21.3,0.5,500,7628500,
"HUT","10:00:59",21.4,0.6,1000,7628000,
"HUT","10:00:55",21.4,0.6,500,7627000,
"HUT","10:00:39",21.4,0.6,4700,7626500,
"HUT","10:00:25",21.4,0.6,2000,7621800,
"HUT","10:00:22",21.3,0.5,1300,7619800,
"HUT","10:00:19",21.4,0.6,100,7618500,
"HUT","09:59:41",21.4,0.6,1100,7618400,
"HUT","09:59:40",21.3,0.5,100,7617300,
"HUT","09:59:17",21.3,0.5,3000,7617200,
"HUT","09:59:13",21.4,0.6,200,7614200,
"HUT","09:59:09",21.3,0.5,200,7614000,
"HUT","09:58:46",21.4,0.6,6500,7613800,
"HUT","09:58:45",21.4,0.6,4000,7607300,
"HUT","09:58:34",21.4,0.6,7700,7603300,
"HUT","09:58:27",21.4,0.6,3000,7595600,
"HUT","09:58:26",21.4,0.6,100,7592600,
"HUT","09:58:24",21.3,0.5,3300,7592500,
"HUT","09:58:21",21.4,0.6,2500,7589200,
"HUT","09:58:17",21.4,0.6,2000,7586700,
"HUT","09:58:06",21.4,0.6,600,7584700,
"HUT","09:57:58",21.4,0.6,900,7584100,
"HUT","09:57:56",21.4,0.6,500,7583200,
"HUT","09:57:53",21.4,0.6,400,7582700,
"HUT","09:57:50",21.4,0.6,36200,7582300,
"HUT","09:57:46",21.3,0.5,1000,7546100,
"HUT","09:57:33",21.4,0.6,50000,7545100,
"HUT","09:57:31",21.3,0.5,2000,7495100,
"HUT","09:57:18",21.4,0.6,20000,7493100,
"HUT","09:57:12",21.4,0.6,500,7473100,
"HUT","09:57:08",21.4,0.6,7000,7472600,
"HUT","09:56:54",21.4,0.6,400,7465600,
"HUT","09:56:50",21.4,0.6,1000,7465200,
"HUT","09:56:48",21.4,0.6,100,7464200,
"HUT","09:56:47",21.4,0.6,200,7464100,
"HUT","09:56:43",21.4,0.6,2000,7463900,
"HUT","09:56:13",21.4,0.6,9400,7461900,
"HUT","09:56:03",21.4,0.6,300,7452500,
"HUT","09:56:00",21.3,0.5,10000,7452200,
"HUT","09:55:59",21.4,0.6,400,7442200,
"HUT","09:55:43",21.3,0.5,1000,7441800,
"HUT","09:55:29",21.3,0.5,300,7440800,
"HUT","09:55:03",21.3,0.5,500,7440500,
"HUT","09:54:46",21.3,0.5,1000,7440000,
"HUT","09:54:36",21.3,0.5,100,7439000,
"HUT","09:54:30",21.3,0.5,1000,7438900,
"HUT","09:54:28",21.3,0.5,500,7437900,
"HUT","09:54:02",21.3,0.5,2000,7437400,
"HUT","09:53:49",21.3,0.5,900,7435400,
"HUT","09:53:46",21.4,0.6,6900,7434500,
"HUT","09:53:45",21.3,0.5,100,7427600,
"HUT","09:53:41",21.4,0.6,500,7427500,
"HUT","09:53:38",21.3,0.5,100,7427000,
"HUT","09:53:32",21.3,0.5,2000,7426900,
"HUT","09:53:25",21.3,0.5,10400,7424900,
"HUT","09:52:55",21.3,0.5,1000,7414500,
"HUT","09:52:52",21.4,0.6,1000,7413500,
"HUT","09:52:50",21.4,0.6,2000,7412500,
"HUT","09:52:42",21.4,0.6,500,7410500,
"HUT","09:52:39",21.4,0.6,5000,7410000,
"HUT","09:52:25",21.4,0.6,2000,7405000,
"HUT","09:52:14",21.4,0.6,100,7403000,
"HUT","09:52:07",21.4,0.6,100000,7402900,
"HUT","09:51:49",21.4,0.6,100,7302900,
"HUT","09:51:38",21.4,0.6,500,7302800,
"HUT","09:51:32",21.4,0.6,100,7302300,
"HUT","09:51:30",21.4,0.6,100,7302200,
"HUT","09:51:26",21.4,0.6,2300,7302100,
"HUT","09:51:24",21.4,0.6,700,7299800,
"HUT","09:51:07",21.4,0.6,2000,7299100,
"HUT","09:50:56",21.4,0.6,23600,7297100,
"HUT","09:50:51",21.4,0.6,100,7273500,
"HUT","09:50:39",21.4,0.6,700,7273400,
"HUT","09:50:24",21.3,0.5,10000,7272700,
"HUT","09:50:17",21.4,0.6,300,7262700,
"HUT","09:50:15",21.4,0.6,100,7262400,
"HUT","09:50:07",21.4,0.6,3000,7262300,
"HUT","09:50:05",21.4,0.6,100,7259300,
"HUT","09:50:01",21.4,0.6,1000,7259200,
"HUT","09:49:45",21.4,0.6,2500,7258200,
"HUT","09:49:38",21.4,0.6,1800,7255700,
"HUT","09:49:32",21.4,0.6,7400,7253900,
"HUT","09:48:52",21.4,0.6,100,7246500,
"HUT","09:48:51",21.3,0.5,7400,7246400,
"HUT","09:48:48",21.3,0.5,3000,7239000,
"HUT","09:48:19",21.4,0.6,600,7236000,
"HUT","09:48:18",21.3,0.5,10000,7235400,
"HUT","09:48:17",21.4,0.6,19500,7225400,
"HUT","09:47:58",21.3,0.5,300,7205900,
"HUT","09:47:52",21.3,0.5,500,7205600,
"HUT","09:47:50",21.3,0.5,1000,7205100,
"HUT","09:47:47",21.3,0.5,300,7204100,
"HUT","09:47:43",21.3,0.5,1000,7203800,
"HUT","09:47:41",21.3,0.5,2000,7202800,
"HUT","09:47:39",21.3,0.5,500,7200800,
"HUT","09:47:38",21.3,0.5,5000,7200300,
"HUT","09:47:31",21.3,0.5,500,7195300,
"HUT","09:47:25",21.3,0.5,100,7194800,
"HUT","09:47:24",21.3,0.5,100,7194700,
"HUT","09:47:23",21.3,0.5,1000,7194600,
"HUT","09:47:18",21.3,0.5,50000,7193600,
"HUT","09:47:10",21.3,0.5,300,7143600,
"HUT","09:47:03",21.3,0.5,100,7143300,
"HUT","09:46:56",21.3,0.5,3000,7143200,
"HUT","09:46:49",21.3,0.5,200,7140200,
"HUT","09:46:47",21.3,0.5,10000,7140000,
"HUT","09:46:31",21.3,0.5,200,7130000,
"HUT","09:46:25",21.3,0.5,10100,7129800,
"HUT","09:46:23",21.2,0.4,100,7119700,
"HUT","09:46:21",21.3,0.5,6000,7119600,
"HUT","09:46:19",21.3,0.5,2000,7113600,
"HUT","09:46:17",21.3,0.5,10000,7111600,
"HUT","09:46:14",21.3,0.5,300,7101600,
"HUT","09:46:10",21.3,0.5,1000,7101300,
"HUT","09:46:05",21.3,0.5,1000,7100300,
"HUT","09:46:04",21.3,0.5,3200,7099300,
"HUT","09:46:00",21.3,0.5,2000,7096100,
"HUT","09:45:58",21.3,0.5,19400,7094100,
"HUT","09:45:50",21.3,0.5,1000,7074700,
"HUT","09:45:40",21.3,0.5,200,7073700,
"HUT","09:45:34",21.3,0.5,400,7073500,
"HUT","09:45:31",21.3,0.5,5000,7073100,
"HUT","09:45:30",21.3,0.5,100,7068100,
"HUT","09:45:25",21.3,0.5,1000,7068000,
"HUT","09:45:23",21.3,0.5,2000,7067000,
"HUT","09:45:18",21.3,0.5,1500,7065000,
"HUT","09:45:13",21.3,0.5,300,7063500,
"HUT","09:45:05",21.3,0.5,2600,7063200,
"HUT","09:45:04",21.3,0.5,600,7060600,
"HUT","09:45:02",21.3,0.5,60300,7060000,
"HUT","09:45:01",21.3,0.5,100,6999700,
"HUT","09:44:59",21.3,0.5,100,6999600,
"HUT","09:44:57",21.3,0.5,90000,6999500,
"HUT","09:44:53",21.3,0.5,60000,6909500,
"HUT","09:44:52",21.3,0.5,30000,6849500,
"HUT","09:44:37",21.3,0.5,2500,6819500,
"HUT","09:44:19",21.3,0.5,10600,6817000,
"HUT","09:44:10",21.4,0.6,5000,6806400,
"HUT","09:44:09",21.4,0.6,1000,6801400,
"HUT","09:43:56",21.3,0.5,700,6800400,
"HUT","09:43:55",21.4,0.6,200,6799700,
"HUT","09:43:48",21.3,0.5,500,6799500,
"HUT","09:43:33",21.3,0.5,1000,6799000,
"HUT","09:43:32",21.4,0.6,1000,6798000,
"HUT","09:43:30",21.4,0.6,1000,6797000,
"HUT","09:43:26",21.4,0.6,1000,6796000,
"HUT","09:43:22",21.4,0.6,5000,6795000,
"HUT","09:43:17",21.4,0.6,1300,6790000,
"HUT","09:42:49",21.4,0.6,1000,6788700,
"HUT","09:42:44",21.4,0.6,400,6787700,
"HUT","09:42:41",21.4,0.6,10000,6787300,
"HUT","09:42:37",21.4,0.6,1000,6777300,
"HUT","09:42:31",21.4,0.6,1000,6776300,
"HUT","09:42:22",21.4,0.6,1000,6775300,
"HUT","09:42:17",21.4,0.6,1700,6774300,
"HUT","09:42:16",21.4,0.6,300,6772600,
"HUT","09:42:15",21.4,0.6,1000,6772300,
"HUT","09:42:10",21.4,0.6,300,6771300,
"HUT","09:42:01",21.4,0.6,8100,6771000,
"HUT","09:41:57",21.4,0.6,1000,6762900,
"HUT","09:41:52",21.3,0.5,200,6761900,
"HUT","09:41:51",21.4,0.6,4200,6761700,
"HUT","09:41:50",21.4,0.6,44900,6757500,
"HUT","09:41:49",21.4,0.6,20000,6712600,
"HUT","09:41:48",21.4,0.6,3100,6692600,
"HUT","09:41:47",21.5,0.7,50200,6689500,
"HUT","09:41:44",21.4,0.6,50000,6639300,
"HUT","09:41:37",21.4,0.6,20000,6589300,
"HUT","09:41:34",21.5,0.7,10000,6569300,
"HUT","09:41:32",21.4,0.6,700,6559300,
"HUT","09:41:29",21.4,0.6,200,6558600,
"HUT","09:41:26",21.4,0.6,1300,6558400,
"HUT","09:41:25",21.5,0.7,300,6557100,
"HUT","09:41:22",21.5,0.7,3100,6556800,
"HUT","09:41:21",21.5,0.7,2000,6553700,
"HUT","09:41:12",21.5,0.7,2700,6551700,
"HUT","09:41:11",21.5,0.7,50000,6549000,
"HUT","09:41:08",21.5,0.7,1000,6499000,
"HUT","09:41:04",21.5,0.7,1000,6498000,
"HUT","09:41:03",21.4,0.6,7000,6497000,
"HUT","09:41:02",21.5,0.7,800,6490000,
"HUT","09:41:01",21.4,0.6,500,6489200,
"HUT","09:40:58",21.5,0.7,3700,6488700,
"HUT","09:40:56",21.5,0.7,2800,6485000,
"HUT","09:40:55",21.5,0.7,2500,6482200,
"HUT","09:40:49",21.5,0.7,800,6479700,
"HUT","09:40:48",21.5,0.7,52000,6478900,
"HUT","09:40:47",21.5,0.7,300,6426900,
"HUT","09:40:46",21.5,0.7,15500,6426600,
"HUT","09:40:45",21.5,0.7,200,6411100,
"HUT","09:40:44",21.5,0.7,500,6410900,
"HUT","09:40:42",21.5,0.7,1900,6410400,
"HUT","09:40:41",21.5,0.7,21000,6408500,
"HUT","09:40:38",21.5,0.7,100,6387500,
"HUT","09:40:37",21.5,0.7,1000,6387400,
"HUT","09:40:36",21.5,0.7,500,6386400,
"HUT","09:40:35",21.5,0.7,10400,6385900,
"HUT","09:40:34",21.5,0.7,300,6375500,
"HUT","09:40:33",21.5,0.7,3000,6375200,
"HUT","09:40:32",21.5,0.7,1200,6372200,
"HUT","09:40:31",21.5,0.7,8600,6371000,
"HUT","09:40:28",21.6,0.8,4000,6362400,
"HUT","09:40:27",21.5,0.7,1500,6358400,
"HUT","09:40:26",21.5,0.7,2700,6356900,
"HUT","09:40:25",21.5,0.7,300,6354200,
"HUT","09:40:24",21.5,0.7,1000,6353900,
"HUT","09:40:23",21.5,0.7,24800,6352900,
"HUT","09:40:20",21.6,0.8,200,6328100,
"HUT","09:40:19",21.5,0.7,35000,6327900,
"HUT","09:40:17",21.5,0.7,10000,6292900,
"HUT","09:40:14",21.5,0.7,31000,6282900,
"HUT","09:40:13",21.6,0.8,5700,6251900,
"HUT","09:40:12",21.5,0.7,400,6246200,
"HUT","09:40:09",21.5,0.7,20100,6245800,
"HUT","09:40:08",21.6,0.8,5500,6225700,
"HUT","09:40:07",21.6,0.8,100,6220200,
"HUT","09:40:05",21.5,0.7,79200,6220100,
"HUT","09:40:04",21.6,0.8,10000,6140900,
"HUT","09:40:03",21.5,0.7,100,6130900,
"HUT","09:40:00",21.6,0.8,500,6130800,
"HUT","09:39:58",21.5,0.7,1000,6130300,
"HUT","09:39:57",21.5,0.7,5400,6129300,
"HUT","09:39:55",21.6,0.8,500,6123900,
"HUT","09:39:53",21.6,0.8,1800,6123400,
"HUT","09:39:50",21.5,0.7,100,6121600,
"HUT","09:39:48",21.6,0.8,84000,6121500,
"HUT","09:39:46",21.6,0.8,5000,6037500,
"HUT","09:39:40",21.6,0.8,1800,6032500,
"HUT","09:39:39",21.6,0.8,2000,6030700,
"HUT","09:39:36",21.5,0.7,102100,6028700,
"HUT","09:39:32",21.5,0.7,100000,5926600,
"HUT","09:39:31",21.5,0.7,29400,5826600,
"HUT","09:39:30",21.5,0.7,28000,5797200,
"HUT","09:39:29",21.5,0.7,12000,5769200,
"HUT","09:39:28",21.5,0.7,17500,5757200,
"HUT","09:39:27",21.5,0.7,21800,5739700,
"HUT","09:39:26",21.5,0.7,2000,5717900,
"HUT","09:39:25",21.5,0.7,11700,5715900,
"HUT","09:39:24",21.5,0.7,28100,5704200,
"HUT","09:39:23",21.5,0.7,50800,5676100,
"HUT","09:39:22",21.5,0.7,11700,5625300,
"HUT","09:39:21",21.5,0.7,12300,5613600,
"HUT","09:39:20",21.5,0.7,51100,5601300,
"HUT","09:39:19",21.5,0.7,55600,5550200,
"HUT","09:39:17",21.5,0.7,1000,5494600,
"HUT","09:39:16",21.5,0.7,11000,5493600,
"HUT","09:39:15",21.5,0.7,19300,5482600,
"HUT","09:39:13",21.5,0.7,15100,5463300,
"HUT","09:39:12",21.5,0.7,5000,5448200,
"HUT","09:39:11",21.5,0.7,20500,5443200,
"HUT","09:39:10",21.5,0.7,6200,5422700,
"HUT","09:39:09",21.5,0.7,1500,5416500,
"HUT","09:39:08",21.5,0.7,5800,5415000,
"HUT","09:39:07",21.5,0.7,3000,5409200,
"HUT","09:39:06",21.5,0.7,10300,5406200,
"HUT","09:39:05",21.5,0.7,1900,5395900,
"HUT","09:39:04",21.5,0.7,6800,5394000,
"HUT","09:39:03",21.5,0.7,22400,5387200,
"HUT","09:39:02",21.5,0.7,5400,5364800,
"HUT","09:39:01",21.5,0.7,4100,5359400,
"HUT","09:39:00",21.5,0.7,7800,5355300,
"HUT","09:38:59",21.5,0.7,10000,5347500,
"HUT","09:38:58",21.5,0.7,2700,5337500,
"HUT","09:38:57",21.5,0.7,1900,5334800,
"HUT","09:38:56",21.5,0.7,50000,5332900,
"HUT","09:38:55",21.5,0.7,2600,5282900,
"HUT","09:38:53",21.5,0.7,400,5280300,
"HUT","09:38:52",21.5,0.7,6000,5279900,
"HUT","09:38:50",21.5,0.7,2100,5273900,
"HUT","09:38:47",21.5,0.7,2000,5271800,
"HUT","09:38:46",21.5,0.7,3000,5269800,
"HUT","09:38:45",21.5,0.7,5000,5266800,
"HUT","09:38:44",21.5,0.7,5100,5261800,
"HUT","09:38:41",21.5,0.7,34500,5256700,
"HUT","09:38:38",21.5,0.7,5700,5222200,
"HUT","09:38:36",21.5,0.7,11700,5216500,
"HUT","09:38:35",21.5,0.7,20000,5204800,
"HUT","09:38:34",21.5,0.7,5300,5184800,
"HUT","09:38:33",21.4,0.6,2000,5179500,
"HUT","09:38:30",21.5,0.7,8500,5177500,
"HUT","09:38:29",21.5,0.7,8900,5169000,
"HUT","09:38:28",21.5,0.7,10200,5160100,
"HUT","09:38:26",21.5,0.7,1000,5149900,
"HUT","09:38:23",21.5,0.7,6000,5148900,
"HUT","09:38:22",21.5,0.7,400,5142900,
"HUT","09:38:21",21.5,0.7,500,5142500,
"HUT","09:38:20",21.4,0.6,900,5142000,
"HUT","09:38:19",21.5,0.7,2000,5141100,
"HUT","09:38:13",21.5,0.7,2000,5139100,
"HUT","09:38:08",21.5,0.7,500,5137100,
"HUT","09:38:03",21.5,0.7,1400,5136600,
"HUT","09:37:57",21.5,0.7,2300,5135200,
"HUT","09:37:52",21.5,0.7,3800,5132900,
"HUT","09:37:44",21.4,0.6,5000,5129100,
"HUT","09:37:43",21.5,0.7,2000,5124100,
"HUT","09:37:38",21.5,0.7,2000,5122100,
"HUT","09:37:37",21.4,0.6,2400,5120100,
"HUT","09:37:33",21.5,0.7,10000,5117700,
"HUT","09:37:30",21.4,0.6,1000,5107700,
"HUT","09:37:27",21.5,0.7,10000,5106700,
"HUT","09:37:23",21.4,0.6,2000,5096700,
"HUT","09:37:21",21.5,0.7,1300,5094700,
"HUT","09:37:20",21.5,0.7,31000,5093400,
"HUT","09:37:19",21.4,0.6,1000,5062400,
"HUT","09:37:18",21.5,0.7,500,5061400,
"HUT","09:37:12",21.5,0.7,30000,5060900,
"HUT","09:37:11",21.4,0.6,1000,5030900,
"HUT","09:37:10",21.4,0.6,100,5029900,
"HUT","09:37:06",21.4,0.6,5000,5029800,
"HUT","09:37:04",21.5,0.7,1000,5024800,
"HUT","09:37:03",21.5,0.7,100,5023800,
"HUT","09:37:02",21.4,0.6,500,5023700,
"HUT","09:37:01",21.4,0.6,7800,5023200,
"HUT","09:37:00",21.4,0.6,25000,5015400,
"HUT","09:36:59",21.4,0.6,500,4990400,
"HUT","09:36:58",21.4,0.6,19000,4989900,
"HUT","09:36:56",21.4,0.6,3200,4970900,
"HUT","09:36:55",21.4,0.6,14700,4967700,
"HUT","09:36:54",21.4,0.6,11000,4953000,
"HUT","09:36:53",21.4,0.6,8500,4942000,
"HUT","09:36:52",21.4,0.6,100000,4933500,
"HUT","09:36:49",21.4,0.6,1100,4833500,
"HUT","09:36:48",21.4,0.6,10000,4832400,
"HUT","09:36:47",21.4,0.6,2300,4822400,
"HUT","09:36:43",21.4,0.6,200,4820100,
"HUT","09:36:41",21.4,0.6,6500,4819900,
"HUT","09:36:39",21.4,0.6,10000,4813400,
"HUT","09:36:36",21.4,0.6,2000,4803400,
"HUT","09:36:35",21.4,0.6,700,4801400,
"HUT","09:36:34",21.3,0.5,2000,4800700,
"HUT","09:36:33",21.4,0.6,100,4798700,
"HUT","09:36:29",21.4,0.6,100,4798600,
"HUT","09:36:28",21.4,0.6,1000,4798500,
"HUT","09:36:27",21.4,0.6,4000,4797500,
"HUT","09:36:26",21.4,0.6,1000,4793500,
"HUT","09:36:25",21.3,0.5,900,4792500,
"HUT","09:36:24",21.4,0.6,500,4791600,
"HUT","09:36:23",21.4,0.6,2000,4791100,
"HUT","09:36:22",21.4,0.6,200,4789100,
"HUT","09:36:21",21.4,0.6,15900,4788900,
"HUT","09:36:18",21.4,0.6,25000,4773000,
"HUT","09:36:17",21.4,0.6,300,4748000,
"HUT","09:36:16",21.4,0.6,3000,4747700,
"HUT","09:36:15",21.4,0.6,1000,4744700,
"HUT","09:36:14",21.4,0.6,1000,4743700,
"HUT","09:36:13",21.4,0.6,21500,4742700,
"HUT","09:36:12",21.4,0.6,1300,4721200,
"HUT","09:36:11",21.4,0.6,1300,4719900,
"HUT","09:36:10",21.4,0.6,600,4718600,
"HUT","09:36:09",21.4,0.6,700,4718000,
"HUT","09:36:07",21.4,0.6,5000,4717300,
"HUT","09:36:05",21.4,0.6,5000,4712300,
"HUT","09:36:04",21.4,0.6,5000,4707300,
"HUT","09:36:03",21.4,0.6,4000,4702300,
"HUT","09:36:02",21.4,0.6,8800,4698300,
"HUT","09:36:01",21.4,0.6,100,4689500,
"HUT","09:36:00",21.4,0.6,1300,4689400,
"HUT","09:35:59",21.4,0.6,22800,4688100,
"HUT","09:35:58",21.4,0.6,19000,4665300,
"HUT","09:35:57",21.4,0.6,3000,4646300,
"HUT","09:35:56",21.3,0.5,5000,4643300,
"HUT","09:35:51",21.4,0.6,1000,4638300,
"HUT","09:35:49",21.4,0.6,500,4637300,
"HUT","09:35:47",21.4,0.6,5200,4636800,
"HUT","09:35:45",21.4,0.6,100,4631600,
"HUT","09:35:41",21.4,0.6,100,4631500,
"HUT","09:35:40",21.4,0.6,7200,4631400,
"HUT","09:35:38",21.4,0.6,2000,4624200,
"HUT","09:35:34",21.4,0.6,2000,4622200,
"HUT","09:35:32",21.4,0.6,200,4620200,
"HUT","09:35:31",21.4,0.6,7400,4620000,
"HUT","09:35:30",21.4,0.6,10100,4612600,
"HUT","09:35:27",21.4,0.6,2000,4602500,
"HUT","09:35:25",21.4,0.6,8000,4600500,
"HUT","09:35:24",21.4,0.6,16000,4592500,
"HUT","09:35:20",21.4,0.6,500,4576500,
"HUT","09:35:19",21.4,0.6,1200,4576000,
"HUT","09:35:16",21.4,0.6,1000,4574800,
"HUT","09:35:15",21.4,0.6,1000,4573800,
"HUT","09:35:13",21.4,0.6,8000,4572800,
"HUT","09:35:11",21.4,0.6,800,4564800,
"HUT","09:35:10",21.4,0.6,3000,4564000,
"HUT","09:35:07",21.4,0.6,10000,4561000,
"HUT","09:35:06",21.4,0.6,400,4551000,
"HUT","09:35:04",21.4,0.6,2000,4550600,
"HUT","09:35:02",21.4,0.6,21000,4548600,
"HUT","09:34:58",21.3,0.5,3000,4527600,
"HUT","09:34:57",21.4,0.6,100,4524600,
"HUT","09:34:53",21.4,0.6,100,4524500,
"HUT","09:34:52",21.4,0.6,700,4524400,
"HUT","09:34:47",21.3,0.5,1000,4523700,
"HUT","09:34:45",21.3,0.5,100,4522700,
"HUT","09:34:44",21.3,0.5,18200,4522600,
"HUT","09:34:43",21.3,0.5,22900,4504400,
"HUT","09:34:42",21.3,0.5,17300,4481500,
"HUT","09:34:41",21.3,0.5,82000,4464200,
"HUT","09:34:40",21.3,0.5,17100,4382200,
"HUT","09:34:39",21.3,0.5,20000,4365100,
"HUT","09:34:38",21.3,0.5,5700,4345100,
"HUT","09:34:37",21.3,0.5,103100,4339400,
"HUT","09:34:36",21.3,0.5,3700,4236300,
"HUT","09:34:35",21.3,0.5,28900,4232600,
"HUT","09:34:34",21.3,0.5,6600,4203700,
"HUT","09:34:33",21.3,0.5,1300,4197100,
"HUT","09:34:32",21.3,0.5,1000,4195800,
"HUT","09:34:31",21.3,0.5,1100,4194800,
"HUT","09:34:30",21.3,0.5,5000,4193700,
"HUT","09:34:29",21.3,0.5,1000,4188700,
"HUT","09:34:27",21.3,0.5,5000,4187700,
"HUT","09:34:25",21.3,0.5,1300,4182700,
"HUT","09:34:24",21.3,0.5,100,4181400,
"HUT","09:34:23",21.3,0.5,40100,4181300,
"HUT","09:34:22",21.3,0.5,2000,4141200,
"HUT","09:34:20",21.3,0.5,22000,4139200,
"HUT","09:34:18",21.3,0.5,700,4117200,
"HUT","09:34:16",21.3,0.5,500,4116500,
"HUT","09:34:15",21.3,0.5,600,4116000,
"HUT","09:34:14",21.3,0.5,200,4115400,
"HUT","09:34:13",21.3,0.5,500,4115200,
"HUT","09:34:10",21.3,0.5,100,4114700,
"HUT","09:34:04",21.3,0.5,100,4114600,
"HUT","09:34:01",21.2,0.4,1000,4114500,
"HUT","09:33:59",21.2,0.4,1000,4113500,
"HUT","09:33:56",21.3,0.5,20000,4112500,
"HUT","09:33:51",21.2,0.4,500,4092500,
"HUT","09:33:47",21.3,0.5,10000,4092000,
"HUT","09:33:44",21.3,0.5,4700,4082000,
"HUT","09:33:40",21.3,0.5,1000,4077300,
"HUT","09:33:37",21.2,0.4,2000,4076300,
"HUT","09:33:33",21.3,0.5,20000,4074300,
"HUT","09:33:24",21.3,0.5,300,4054300,
"HUT","09:33:21",21.2,0.4,10000,4054000,
"HUT","09:33:17",21.3,0.5,900,4044000,
"HUT","09:33:02",21.3,0.5,36000,4043100,
"HUT","09:32:56",21.2,0.4,1200,4007100,
"HUT","09:32:41",21.3,0.5,500,4005900,
"HUT","09:32:37",21.2,0.4,1300,4005400,
"HUT","09:32:34",21.2,0.4,20000,4004100,
"HUT","09:32:33",21.2,0.4,1600,3984100,
"HUT","09:32:29",21.3,0.5,2000,3982500,
"HUT","09:32:27",21.3,0.5,1500,3980500,
"HUT","09:32:25",21.2,0.4,1500,3979000,
"HUT","09:32:22",21.2,0.4,1500,3977500,
"HUT","09:32:20",21.2,0.4,2000,3976000,
"HUT","09:32:18",21.2,0.4,3000,3974000,
"HUT","09:32:16",21.2,0.4,600,3971000,
"HUT","09:32:11",21.2,0.4,228900,3970400,
"HUT","09:32:04",21.2,0.4,5200,3741500,
"HUT","09:32:01",21.2,0.4,1000,3736300,
"HUT","09:31:57",21.2,0.4,100,3735300,
"HUT","09:31:54",21.2,0.4,200,3735200,
"HUT","09:31:45",21.2,0.4,9000,3735000,
"HUT","09:31:43",21.2,0.4,600,3726000,
"HUT","09:31:42",21.2,0.4,31900,3725400,
"HUT","09:31:40",21.2,0.4,1000,3693500,
"HUT","09:31:37",21.2,0.4,200,3692500,
"HUT","09:31:35",21.2,0.4,1000,3692300,
"HUT","09:31:32",21.2,0.4,1500,3691300,
"HUT","09:31:29",21.2,0.4,1400,3689800,
"HUT","09:31:26",21.2,0.4,300,3688400,
"HUT","09:31:23",21.2,0.4,25900,3688100,
"HUT","09:31:21",21.2,0.4,100,3662200,
"HUT","09:31:17",21.2,0.4,1500,3662100,
"HUT","09:31:14",21.2,0.4,500,3660600,
"HUT","09:31:13",21.2,0.4,100,3660100,
"HUT","09:30:54",21.2,0.4,200,3660000,
"HUT","09:30:52",21.2,0.4,500,3659800,
"HUT","09:30:50",21.2,0.4,1000,3659300,
"HUT","09:30:40",21.2,0.4,5000,3658300,
"HUT","09:30:39",21.2,0.4,9300,3653300,
"HUT","09:30:37",21.1,0.3,5500,3644000,
"HUT","09:30:22",21.1,0.3,1000,3638500,
"HUT","09:30:03",21.2,0.4,5000,3637500,
"HUT","09:30:01",21.2,0.4,900,3632500,
"HUT","09:29:59",21.1,0.3,1000,3631600,
"HUT","09:29:58",21.2,0.4,600,3630600,
"HUT","09:29:56",21.2,0.4,13000,3630000,
"HUT","09:29:52",21.2,0.4,100,3617000,
"HUT","09:29:47",21.2,0.4,2200,3616900,
"HUT","09:29:46",21.1,0.3,100,3614700,
"HUT","09:29:45",21.2,0.4,1500,3614600,
"HUT","09:29:44",21.2,0.4,300,3613100,
"HUT","09:29:42",21.2,0.4,2000,3612800,
"HUT","09:29:41",21.2,0.4,5000,3610800,
"HUT","09:29:35",21.2,0.4,200,3605800,
"HUT","09:29:34",21.2,0.4,9700,3605600,
"HUT","09:29:31",21.2,0.4,1300,3595900,
"HUT","09:29:18",21.2,0.4,5300,3594600,
"HUT","09:29:17",21.2,0.4,200,3589300,
"HUT","09:29:13",21.2,0.4,100,3589100,
"HUT","09:29:10",21.2,0.4,2000,3589000,
"HUT","09:29:08",21.2,0.4,1000,3587000,
"HUT","09:29:01",21.2,0.4,20000,3586000,
"HUT","09:28:54",21.2,0.4,500,3566000,
"HUT","09:28:53",21.2,0.4,1500,3565500,
"HUT","09:28:51",21.2,0.4,100,3564000,
"HUT","09:28:48",21.2,0.4,16000,3563900,
"HUT","09:28:43",21.2,0.4,500,3547900,
"HUT","09:28:42",21.2,0.4,38200,3547400,
"HUT","09:28:39",21.2,0.4,30100,3509200,
"HUT","09:28:38",21.2,0.4,1000,3479100,
"HUT","09:28:36",21.2,0.4,200,3478100,
"HUT","09:28:34",21.2,0.4,5000,3477900,
"HUT","09:28:32",21.2,0.4,50000,3472900,
"HUT","09:28:31",21.2,0.4,1000,3422900,
"HUT","09:28:29",21.2,0.4,50000,3421900,
"HUT","09:28:26",21.2,0.4,400,3371900,
"HUT","09:28:20",21.2,0.4,20000,3371500,
"HUT","09:28:18",21.2,0.4,10000,3351500,
"HUT","09:28:13",21.3,0.5,1000,3341500,
"HUT","09:28:06",21.2,0.4,1000,3340500,
"HUT","09:28:05",21.2,0.4,1000,3339500,
"HUT","09:28:04",21.2,0.4,3000,3338500,
"HUT","09:27:55",21.3,0.5,900,3335500,
"HUT","09:27:50",21.2,0.4,100,3334600,
"HUT","09:27:49",21.2,0.4,100,3334500,
"HUT","09:27:41",21.2,0.4,1000,3334400,
"HUT","09:27:36",21.2,0.4,1000,3333400,
"HUT","09:27:31",21.3,0.5,6000,3332400,
"HUT","09:27:29",21.2,0.4,1100,3326400,
"HUT","09:27:28",21.2,0.4,10000,3325300,
"HUT","09:27:26",21.2,0.4,500,3315300,
"HUT","09:27:25",21.2,0.4,1000,3314800,
"HUT","09:27:23",21.2,0.4,3000,3313800,
"HUT","09:27:22",21.2,0.4,1000,3310800,
"HUT","09:27:17",21.3,0.5,1100,3309800,
"HUT","09:27:14",21.3,0.5,2100,3308700,
"HUT","09:27:12",21.2,0.4,19800,3306600,
"HUT","09:27:11",21.2,0.4,1000,3286800,
"HUT","09:27:05",21.2,0.4,200,3285800,
"HUT","09:27:04",21.2,0.4,200,3285600,
"HUT","09:26:59",21.2,0.4,100,3285400,
"HUT","09:26:58",21.2,0.4,5900,3285300,
"HUT","09:26:53",21.2,0.4,2000,3279400,
"HUT","09:26:49",21.2,0.4,100,3277400,
"HUT","09:26:47",21.2,0.4,200,3277300,
"HUT","09:26:46",21.2,0.4,5000,3277100,
"HUT","09:26:45",21.2,0.4,5000,3272100,
"HUT","09:26:44",21.2,0.4,500,3267100,
"HUT","09:26:43",21.2,0.4,1000,3266600,
"HUT","09:26:42",21.2,0.4,4300,3265600,
"HUT","09:26:41",21.2,0.4,20000,3261300,
"HUT","09:26:40",21.2,0.4,1000,3241300,
"HUT","09:26:38",21.2,0.4,15000,3240300,
"HUT","09:26:37",21.2,0.4,3000,3225300,
"HUT","09:26:36",21.2,0.4,10000,3222300,
"HUT","09:26:34",21.2,0.4,3900,3212300,
"HUT","09:26:33",21.2,0.4,2900,3208400,
"HUT","09:26:31",21.2,0.4,1000,3205500,
"HUT","09:26:28",21.2,0.4,3000,3204500,
"HUT","09:26:27",21.2,0.4,1000,3201500,
"HUT","09:26:26",21.2,0.4,200,3200500,
"HUT","09:26:23",21.2,0.4,100,3200300,
"HUT","09:26:21",21.2,0.4,65000,3200200,
"HUT","09:26:14",21.2,0.4,1000,3135200,
"HUT","09:26:12",21.2,0.4,500,3134200,
"HUT","09:26:04",21.2,0.4,40000,3133700,
"HUT","09:26:00",21.2,0.4,1500,3093700,
"HUT","09:25:54",21.2,0.4,2000,3092200,
"HUT","09:25:49",21.2,0.4,200,3090200,
"HUT","09:25:47",21.2,0.4,1000,3090000,
"HUT","09:25:43",21.2,0.4,900,3089000,
"HUT","09:25:37",21.2,0.4,1000,3088100,
"HUT","09:25:31",21.2,0.4,300,3087100,
"HUT","09:25:27",21.2,0.4,10000,3086800,
"HUT","09:25:26",21.2,0.4,500,3076800,
"HUT","09:25:24",21.2,0.4,5300,3076300,
"HUT","09:25:22",21.2,0.4,100,3071000,
"HUT","09:25:21",21.2,0.4,500,3070900,
"HUT","09:25:20",21.2,0.4,5000,3070400,
"HUT","09:25:18",21.2,0.4,5000,3065400,
"HUT","09:25:17",21.2,0.4,500,3060400,
"HUT","09:25:16",21.2,0.4,1500,3059900,
"HUT","09:25:14",21.2,0.4,2100,3058400,
"HUT","09:25:06",21.2,0.4,1000,3056300,
"HUT","09:25:05",21.1,0.3,5300,3055300,
"HUT","09:25:02",21.2,0.4,2000,3050000,
"HUT","09:24:57",21.2,0.4,30000,3048000,
"HUT","09:24:56",21.2,0.4,500,3018000,
"HUT","09:24:53",21.2,0.4,500,3017500,
"HUT","09:24:52",21.2,0.4,300,3017000,
"HUT","09:24:49",21.2,0.4,5000,3016700,
"HUT","09:24:47",21.2,0.4,27200,3011700,
"HUT","09:24:46",21.2,0.4,1000,2984500,
"HUT","09:24:44",21.2,0.4,100,2983500,
"HUT","09:24:42",21.2,0.4,300,2983400,
"HUT","09:24:41",21.2,0.4,7400,2983100,
"HUT","09:24:39",21.2,0.4,2000,2975700,
"HUT","09:24:37",21.2,0.4,1000,2973700,
"HUT","09:24:36",21.2,0.4,4000,2972700,
"HUT","09:24:35",21.2,0.4,4000,2968700,
"HUT","09:24:34",21.2,0.4,1000,2964700,
"HUT","09:24:31",21.2,0.4,10100,2963700,
"HUT","09:24:30",21.2,0.4,500,2953600,
"HUT","09:24:28",21.2,0.4,6000,2953100,
"HUT","09:24:25",21.2,0.4,5000,2947100,
"HUT","09:24:24",21.2,0.4,5800,2942100,
"HUT","09:24:22",21.2,0.4,4000,2936300,
"HUT","09:24:21",21.2,0.4,13400,2932300,
"HUT","09:24:17",21.2,0.4,100,2918900,
"HUT","09:24:15",21.2,0.4,1000,2918800,
"HUT","09:24:14",21.2,0.4,3500,2917800,
"HUT","09:24:13",21.2,0.4,400,2914300,
"HUT","09:24:12",21.2,0.4,20000,2913900,
"HUT","09:24:11",21.2,0.4,5000,2893900,
"HUT","09:24:10",21.2,0.4,2400,2888900,
"HUT","09:24:07",21.2,0.4,300,2886500,
"HUT","09:24:01",21.2,0.4,176500,2886200,
"HUT","09:24:00",21.3,0.5,1000,2709700,
"HUT","09:23:53",21.3,0.5,1500,2708700,
"HUT","09:23:52",21.3,0.5,100,2707200,
"HUT","09:23:50",21.2,0.4,100,2707100,
"HUT","09:23:48",21.3,0.5,2000,2707000,
"HUT","09:23:46",21.3,0.5,9000,2705000,
"HUT","09:23:44",21.3,0.5,5300,2696000,
"HUT","09:23:43",21.2,0.4,50000,2690700,
"HUT","09:23:38",21.3,0.5,13500,2640700,
"HUT","09:23:37",21.3,0.5,5500,2627200,
"HUT","09:23:36",21.3,0.5,1500,2621700,
"HUT","09:23:32",21.3,0.5,1100,2620200,
"HUT","09:23:27",21.3,0.5,1800,2619100,
"HUT","09:23:25",21.3,0.5,6000,2617300,
"HUT","09:23:20",21.3,0.5,100,2611300,
"HUT","09:23:19",21.3,0.5,35800,2611200,
"HUT","09:23:17",21.3,0.5,5600,2575400,
"HUT","09:23:16",21.3,0.5,2300,2569800,
"HUT","09:23:11",21.3,0.5,200,2567500,
"HUT","09:23:09",21.3,0.5,200,2567300,
"HUT","09:23:05",21.3,0.5,43400,2567100,
"HUT","09:23:03",21.3,0.5,5700,2523700,
"HUT","09:23:02",21.3,0.5,6300,2518000,
"HUT","09:23:00",21.3,0.5,1000,2511700,
"HUT","09:22:59",21.3,0.5,1200,2510700,
"HUT","09:22:58",21.3,0.5,3100,2509500,
"HUT","09:22:57",21.3,0.5,2000,2506400,
"HUT","09:22:55",21.3,0.5,3500,2504400,
"HUT","09:22:54",21.3,0.5,200,2500900,
"HUT","09:22:52",21.3,0.5,700,2500700,
"HUT","09:22:51",21.3,0.5,1000,2500000,
"HUT","09:22:50",21.3,0.5,100,2499000,
"HUT","09:22:49",21.3,0.5,1000,2498900,
"HUT","09:22:48",21.3,0.5,10100,2497900,
"HUT","09:22:47",21.3,0.5,1100,2487800,
"HUT","09:22:45",21.3,0.5,8000,2486700,
"HUT","09:22:44",21.3,0.5,37800,2478700,
"HUT","09:22:42",21.3,0.5,10400,2440900,
"HUT","09:22:41",21.3,0.5,62100,2430500,
"HUT","09:22:40",21.3,0.5,10000,2368400,
"HUT","09:22:39",21.3,0.5,2200,2358400,
"HUT","09:22:38",21.3,0.5,500,2356200,
"HUT","09:22:36",21.3,0.5,51200,2355700,
"HUT","09:22:34",21.3,0.5,1000,2304500,
"HUT","09:22:33",21.3,0.5,9600,2303500,
"HUT","09:22:32",21.3,0.5,11100,2293900,
"HUT","09:22:31",21.3,0.5,2000,2282800,
"HUT","09:22:30",21.3,0.5,4800,2280800,
"HUT","09:22:29",21.3,0.5,1300,2276000,
"HUT","09:22:28",21.3,0.5,2000,2274700,
"HUT","09:22:27",21.3,0.5,16100,2272700,
"HUT","09:22:26",21.3,0.5,10100,2256600,
"HUT","09:22:25",21.3,0.5,13700,2246500,
"HUT","09:22:24",21.3,0.5,7100,2232800,
"HUT","09:22:23",21.3,0.5,2400,2225700,
"HUT","09:22:21",21.3,0.5,16000,2223300,
"HUT","09:22:20",21.3,0.5,5500,2207300,
"HUT","09:22:19",21.3,0.5,20000,2201800,
"HUT","09:22:18",21.3,0.5,27600,2181800,
"HUT","09:22:17",21.3,0.5,600,2154200,
"HUT","09:22:15",21.3,0.5,1100,2153600,
"HUT","09:22:13",21.3,0.5,6100,2152500,
"HUT","09:22:12",21.3,0.5,3000,2146400,
"HUT","09:22:10",21.3,0.5,1000,2143400,
"HUT","09:22:09",21.3,0.5,5000,2142400,
"HUT","09:22:07",21.2,0.4,1000,2137400,
"HUT","09:22:05",21.3,0.5,400,2136400,
"HUT","09:22:04",21.2,0.4,1000,2136000,
"HUT","09:22:01",21.2,0.4,200,2135000,
"HUT","09:22:00",21.2,0.4,500,2134800,
"HUT","09:21:51",21.2,0.4,59200,2134300,
"HUT","09:21:50",21.2,0.4,1000,2075100,
"HUT","09:21:49",21.2,0.4,2700,2074100,
"HUT","09:21:48",21.2,0.4,15000,2071400,
"HUT","09:21:46",21.2,0.4,30000,2056400,
"HUT","09:21:45",21.2,0.4,5700,2026400,
"HUT","09:21:44",21.2,0.4,3000,2020700,
"HUT","09:21:42",21.2,0.4,13100,2017700,
"HUT","09:21:38",21.2,0.4,7000,2004600,
"HUT","09:21:37",21.2,0.4,1200,1997600,
"HUT","09:21:36",21.2,0.4,12700,1996400,
"HUT","09:21:35",21.2,0.4,8900,1983700,
"HUT","09:21:34",21.2,0.4,3200,1974800,
"HUT","09:21:33",21.2,0.4,22000,1971600,
"HUT","09:21:29",21.2,0.4,13000,1949600,
"HUT","09:21:28",21.2,0.4,10000,1936600,
"HUT","09:21:27",21.2,0.4,2000,1926600,
"HUT","09:21:25",21.1,0.3,100,1924600,
"HUT","09:21:13",21.2,0.4,500,1924500,
"HUT","09:21:10",21.2,0.4,200,1924000,
"HUT","09:21:07",21.2,0.4,2800,1923800,
"HUT","09:21:04",21.1,0.3,2200,1921000,
"HUT","09:21:03",21.1,0.3,500,1918800,
"HUT","09:20:55",21.1,0.3,3000,1918300,
"HUT","09:20:51",21.1,0.3,1500,1915300,
"HUT","09:20:50",21.2,0.4,100100,1913800,
"HUT","09:20:45",21.1,0.3,100000,1813700,
"HUT","09:20:44",21.1,0.3,2500,1713700,
"HUT","09:20:43",21.1,0.3,9200,1711200,
"HUT","09:20:42",21.1,0.3,3400,1702000,
"HUT","09:20:41",21.1,0.3,10000,1698600,
"HUT","09:20:40",21.1,0.3,10000,1688600,
"HUT","09:20:39",21.1,0.3,53900,1678600,
"HUT","09:20:38",21.1,0.3,6000,1624700,
"HUT","09:20:35",21.1,0.3,7700,1618700,
"HUT","09:20:34",21.1,0.3,1100,1611000,
"HUT","09:20:32",21.1,0.3,33000,1609900,
"HUT","09:20:31",21.1,0.3,5000,1576900,
"HUT","09:20:29",21.1,0.3,85200,1571900,
"HUT","09:20:28",21.1,0.3,22000,1486700,
"HUT","09:20:25",21.1,0.3,300,1464700,
"HUT","09:20:24",21.1,0.3,52400,1464400,
"HUT","09:20:22",21.1,0.3,5000,1412000,
"HUT","09:20:20",21.1,0.3,207600,1407000,
"HUT","09:20:19",21.1,0.3,1400,1199400,
"HUT","09:20:17",21.1,0.3,1600,1198000,
"HUT","09:20:16",21.1,0.3,5000,1196400,
"HUT","09:20:14",21.1,0.3,19000,1191400,
"HUT","09:20:10",21.1,0.3,400,1172400,
"HUT","09:20:06",21,0.2,500,1172000,
"HUT","09:20:03",21.1,0.3,300,1171500,
"HUT","09:20:02",21.1,0.3,1000,1171200,
"HUT","09:20:00",21.1,0.3,500,1170200,
"HUT","09:19:59",21.1,0.3,2000,1169700,
"HUT","09:19:52",21.1,0.3,500,1167700,
"HUT","09:19:49",21.1,0.3,5000,1167200,
"HUT","09:19:47",21.1,0.3,2000,1162200,
"HUT","09:19:45",21.1,0.3,200,1160200,
"HUT","09:19:44",21,0.2,6200,1160000,
"HUT","09:19:43",21,0.2,600,1153800,
"HUT","09:19:41",21.1,0.3,200,1153200,
"HUT","09:19:35",21.1,0.3,100,1153000,
"HUT","09:19:21",21.1,0.3,12000,1152900,
"HUT","09:19:13",21.1,0.3,1000,1140900,
"HUT","09:19:06",21,0.2,500,1139900,
"HUT","09:19:04",21.1,0.3,200,1139400,
"HUT","09:18:58",21.1,0.3,3100,1139200,
"HUT","09:18:49",21.1,0.3,1000,1136100,
"HUT","09:18:47",21.1,0.3,1000,1135100,
"HUT","09:18:42",21,0.2,2000,1134100,
"HUT","09:18:39",21.1,0.3,1000,1132100,
"HUT","09:18:34",21,0.2,400,1131100,
"HUT","09:18:32",21,0.2,2000,1130700,
"HUT","09:18:27",21,0.2,300,1128700,
"HUT","09:18:20",21,0.2,3000,1128400,
"HUT","09:18:02",21,0.2,2000,1125400,
"HUT","09:17:58",21,0.2,2000,1123400,
"HUT","09:17:53",21,0.2,100,1121400,
"HUT","09:17:52",21,0.2,2000,1121300,
"HUT","09:17:42",21,0.2,5500,1119300,
"HUT","09:17:39",21,0.2,94500,1113800,
"HUT","09:17:37",21,0.2,12500,1019300,
"HUT","09:17:35",21,0.2,200,1006800,
"HUT","09:17:34",21,0.2,51000,1006600,
"HUT","09:17:33",21,0.2,3000,955600,
"HUT","09:17:30",21,0.2,3000,952600,
"HUT","09:17:29",21,0.2,200,949600,
"HUT","09:17:27",21,0.2,5500,949400,
"HUT","09:17:22",21,0.2,3000,943900,
"HUT","09:17:20",21,0.2,1200,940900,
"HUT","09:17:18",21,0.2,10500,939700,
"HUT","09:17:17",21,0.2,11500,929200,
"HUT","09:17:16",21,0.2,500,917700,
"HUT","09:17:14",21,0.2,5500,917200,
"HUT","09:17:13",21,0.2,200,911700,
"HUT","09:17:11",21,0.2,9400,911500,
"HUT","09:17:10",21,0.2,500,902100,
"HUT","09:17:08",21,0.2,30400,901600,
"HUT","09:17:07",21,0.2,6000,871200,
"HUT","09:17:06",21,0.2,1000,865200,
"HUT","09:17:05",21,0.2,10000,864200,
"HUT","09:17:04",21,0.2,3000,854200,
"HUT","09:17:03",21,0.2,11000,851200,
"HUT","09:17:02",21,0.2,5000,840200,
"HUT","09:17:00",21,0.2,6000,835200,
"HUT","09:16:59",21,0.2,4200,829200,
"HUT","09:16:58",21,0.2,1000,825000,
"HUT","09:16:57",21,0.2,11000,824000,
"HUT","09:16:52",21,0.2,4000,813000,
"HUT","09:16:49",21,0.2,500,809000,
"HUT","09:16:48",21,0.2,200,808500,
"HUT","09:16:46",21,0.2,1700,808300,
"HUT","09:16:44",21,0.2,2100,806600,
"HUT","09:16:43",21,0.2,1800,804500,
"HUT","09:16:42",21,0.2,24800,802700,
"HUT","09:16:39",21,0.2,1000,777900,
"HUT","09:16:38",21,0.2,98700,776900,
"HUT","09:16:35",21,0.2,10000,678200,
"HUT","09:16:33",21,0.2,5000,668200,
"HUT","09:16:30",21,0.2,1500,663200,
"HUT","09:16:25",21,0.2,10000,661700,
"HUT","09:16:24",21,0.2,500,651700,
"HUT","09:16:15",21,0.2,3900,651200,
"HUT","09:16:14",21,0.2,5700,647300,
"HUT","09:16:13",21,0.2,4700,641600,
"HUT","09:16:11",21,0.2,2000,636900,
"HUT","09:16:10",21,0.2,5000,634900,
"HUT","09:16:09",21,0.2,8000,629900,
"HUT","09:16:07",21,0.2,50000,621900,
"HUT","09:16:00",21,0.2,2000,571900,
"HUT","09:15:59",21,0.2,8000,569900,
"HUT","09:15:58",21,0.2,200,561900,
"HUT","09:15:57",21,0.2,30000,561700,
"HUT","09:15:55",21,0.2,50000,531700,
"HUT","09:15:51",21,0.2,20000,481700,
"HUT","09:15:50",21,0.2,5000,461700,
"HUT","09:15:39",21,0.2,60000,456700,
"HUT","09:14:36",21,0.2,900,396700,
"HUT","09:14:19",20.9,0.1,5000,395800,
"HUT","09:14:03",20.9,0.1,100,390800,
"HUT","09:13:35",20.9,0.1,300,390700,
"HUT","09:12:40",20.9,0.1,1000,390400,
"HUT","09:12:19",21,0.2,100,389400,
"HUT","09:11:40",21,0.2,100,389300,
"HUT","09:11:16",20.9,0.1,100,389200,
"HUT","09:11:11",20.9,0.1,1000,389100,
"HUT","09:11:06",20.9,0.1,200,388100,
"HUT","09:10:45",20.9,0.1,35700,387900,
"HUT","09:10:43",20.9,0.1,10000,352200,
"HUT","09:10:36",20.9,0.1,10000,342200,
"HUT","09:10:34",20.9,0.1,500,332200,
"HUT","09:10:22",20.9,0.1,2000,331700,
"HUT","09:10:16",20.9,0.1,5000,329700,
"HUT","09:10:13",20.9,0.1,1000,324700,
"HUT","09:10:07",20.9,0.1,10000,323700,
"HUT","09:08:53",20.8,0,500,313700,
"HUT","09:08:40",20.8,0,1000,313200,
"HUT","09:08:27",20.8,0,1700,312200,
"HUT","09:08:20",20.8,0,100,310500,
"HUT","09:08:15",20.8,0,500,310400,
"HUT","09:08:09",20.8,0,500,309900,
"HUT","09:07:50",20.8,0,40000,309400,
"HUT","09:06:38",20.8,0,60000,269400,
"HUT","09:05:47",20.8,0,200,209400,
"HUT","09:05:41",20.8,0,100000,209200,
"HUT","09:05:37",20.8,0,100000,109200,
"HUT","09:05:02",20.7,-0.1,100,9200,
"HUT","09:03:23",20.7,-0.1,3800,9100,
"HUT","09:03:20",20.7,-0.1,100,5300,
"HUT","09:03:10",20.7,-0.1,100,5200,
"HUT","09:03:07",20.7,-0.1,1200,5100,
"HUT","09:02:57",20.7,-0.1,300,3900,
"HUT","09:02:41",20.7,-0.1,200,3600,
"HUT","09:02:28",20.7,-0.1,300,3400,
"HUT","09:02:26",20.7,-0.1,2000,3100,
"HUT","09:00:34",20.8,0,700,1100,
"HUT","09:00:16",20.7,-0.1,100,400,
"HUT","09:00:06",20.8,0,300,300,
