"symbol","time","price","change","vol","total","side"
"MWG","14:45:00",42.25,-0.45,389400,6770700,
"MWG","14:29:58",42,-0.7,3000,6381300,"B"
"MWG","14:29:58",42.05,-0.65,4900,6378300,"B"
"MWG","14:29:57",42.05,-0.65,7700,6373400,"B"
"MWG","14:29:53",42.05,-0.65,4100,6365700,"B"
"MWG","14:29:53",42.1,-0.6,200,6361600,"B"
"MWG","14:29:52",42.1,-0.6,100,6361400,"S"
"MWG","14:29:51",42.1,-0.6,3000,6361300,"S"
"MWG","14:29:49",42.1,-0.6,200,6358300,"S"
"MWG","14:29:48",42.05,-0.65,1900,6358100,"B"
"MWG","14:29:45",42.05,-0.65,500,6356200,"B"
"MWG","14:29:45",42.1,-0.6,1200,6355700,"S"
"MWG","14:29:44",42.1,-0.6,300,6354500,"S"
"MWG","14:29:42",42.1,-0.6,11300,6354200,"S"
"MWG","14:29:40",42.1,-0.6,100,6342900,"S"
"MWG","14:29:39",42.1,-0.6,100,6342800,"S"
"MWG","14:29:36",42.1,-0.6,200,6342700,"S"
"MWG","14:29:34",42.1,-0.6,400,6342500,"S"
"MWG","14:29:33",42.1,-0.6,200,6342100,"S"
"MWG","14:29:33",42.05,-0.65,30000,6341900,"B"
"MWG","14:29:32",42.1,-0.6,100,6311900,"S"
"MWG","14:29:30",42.05,-0.65,200,6311800,"B"
"MWG","14:29:29",42.1,-0.6,2000,6311600,"S"
"MWG","14:29:28",42.05,-0.65,7600,6309600,"B"
"MWG","14:29:25",42.1,-0.6,5000,6302000,"S"
"MWG","14:29:24",42.1,-0.6,100,6297000,"S"
"MWG","14:29:21",42.1,-0.6,200,6296900,"S"
"MWG","14:29:20",42.1,-0.6,1000,6296700,"S"
"MWG","14:29:19",42.1,-0.6,200,6295700,"S"
"MWG","14:29:17",42.1,-0.6,2400,6295500,"S"
"MWG","14:29:15",42.1,-0.6,2500,6293100,"B"
"MWG","14:29:14",42.1,-0.6,20100,6290600,"B"
"MWG","14:29:13",42.1,-0.6,7900,6270500,"B"
"MWG","14:29:13",42.1,-0.6,7300,6262600,"B"
"MWG","14:29:12",42.1,-0.6,600,6255300,"B"
"MWG","14:29:11",42.1,-0.6,9800,6254700,"B"
"MWG","14:29:09",42.1,-0.6,5000,6244900,"B"
"MWG","14:29:09",42.15,-0.55,1200,6239900,"S"
"MWG","14:29:08",42.1,-0.6,1900,6238700,"B"
"MWG","14:29:08",42.15,-0.55,100,6236800,"S"
"MWG","14:29:08",42.1,-0.6,1900,6236700,"B"
"MWG","14:29:07",42.15,-0.55,100,6234800,"S"
"MWG","14:29:06",42.15,-0.55,4000,6234700,"S"
"MWG","14:29:06",42.1,-0.6,7600,6230700,"B"
"MWG","14:29:06",42.15,-0.55,900,6223100,"S"
"MWG","14:29:06",42.1,-0.6,7600,6222200,"B"
"MWG","14:29:05",42.15,-0.55,500,6214600,"S"
"MWG","14:28:59",42.1,-0.6,200,6214100,"B"
"MWG","14:28:59",42.15,-0.55,1000,6213900,"S"
"MWG","14:28:55",42.15,-0.55,1000,6212900,"S"
"MWG","14:28:46",42.1,-0.6,1200,6211900,"B"
"MWG","14:28:43",42.1,-0.6,100,6210700,"B"
"MWG","14:28:43",42.15,-0.55,400,6210600,"S"
"MWG","14:28:41",42.15,-0.55,1000,6209500,"S"
"MWG","14:28:39",42.15,-0.55,100,6208500,"S"
"MWG","14:28:38",42.15,-0.55,2200,6208400,"S"
"MWG","14:28:36",42.15,-0.55,800,6206200,"S"
"MWG","14:28:35",42.15,-0.55,100,6205400,"S"
"MWG","14:28:33",42.15,-0.55,1000,6205300,"S"
"MWG","14:28:28",42.1,-0.6,200,6204300,"B"
"MWG","14:28:28",42.15,-0.55,100,6204100,"S"
"MWG","14:28:25",42.1,-0.6,100,6204000,"B"
"MWG","14:28:25",42.15,-0.55,100,6203900,"S"
"MWG","14:28:24",42.15,-0.55,100,6203800,"S"
"MWG","14:28:13",42.15,-0.55,400,6203700,"S"
"MWG","14:28:12",42.1,-0.6,200,6203300,"B"
"MWG","14:28:09",42.15,-0.55,4400,6203100,"S"
"MWG","14:28:03",42.15,-0.55,100,6198700,"S"
"MWG","14:28:01",42.15,-0.55,1300,6198600,"S"
"MWG","14:28:00",42.15,-0.55,1300,6197300,"S"
"MWG","14:27:57",42.1,-0.6,200,6196000,"B"
"MWG","14:27:56",42.15,-0.55,20000,6195800,"B"
"MWG","14:27:55",42.2,-0.5,2000,6175800,"S"
"MWG","14:27:53",42.2,-0.5,100,6173800,"S"
"MWG","14:27:46",42.2,-0.5,100,6173700,"S"
"MWG","14:27:42",42.2,-0.5,100,6173600,"S"
"MWG","14:27:41",42.15,-0.55,200,6173500,"B"
"MWG","14:27:37",42.15,-0.55,5000,6173300,"B"
"MWG","14:27:35",42.2,-0.5,100,6168300,"S"
"MWG","14:27:35",42.2,-0.5,200,6168200,"S"
"MWG","14:27:32",42.2,-0.5,5000,6168000,"S"
"MWG","14:27:25",42.15,-0.55,100,6163000,"B"
"MWG","14:27:10",42.2,-0.5,10000,6162900,"S"
"MWG","14:27:10",42.15,-0.55,200,6152900,"B"
"MWG","14:27:07",42.15,-0.55,12800,6152700,"B"
"MWG","14:26:59",42.15,-0.55,3400,6139900,"S"
"MWG","14:26:55",42.15,-0.55,600,6136500,"S"
"MWG","14:26:54",42.1,-0.6,200,6135900,"B"
"MWG","14:26:54",42.15,-0.55,500,6135700,"S"
"MWG","14:26:53",42.15,-0.55,1000,6135200,"S"
"MWG","14:26:51",42.15,-0.55,5000,6134200,"S"
"MWG","14:26:45",42.1,-0.6,5000,6129200,"B"
"MWG","14:26:44",42.15,-0.55,900,6124200,"S"
"MWG","14:26:39",42.1,-0.6,1200,6123300,"B"
"MWG","14:26:38",42.15,-0.55,100,6122100,"S"
"MWG","14:26:37",42.15,-0.55,100,6122000,"S"
"MWG","14:26:34",42.1,-0.6,700,6121900,"B"
"MWG","14:26:28",42.1,-0.6,1000,6121200,"S"
"MWG","14:26:28",42.1,-0.6,5000,6120200,"S"
"MWG","14:26:26",42.1,-0.6,200,6115200,"S"
"MWG","14:26:24",42.1,-0.6,30000,6115000,"S"
"MWG","14:26:23",42.05,-0.65,200,6085000,"B"
"MWG","14:26:22",42.1,-0.6,1000,6084800,"S"
"MWG","14:26:11",42.1,-0.6,200,6083800,"S"
"MWG","14:26:08",42.05,-0.65,5100,6083600,"B"
"MWG","14:26:07",42.1,-0.6,100,6078500,"S"
"MWG","14:26:04",42.1,-0.6,22700,6078400,"S"
"MWG","14:26:00",42.05,-0.65,200,6055700,"B"
"MWG","14:25:59",42.1,-0.6,1000,6055500,"S"
"MWG","14:25:58",42.1,-0.6,200,6054500,"S"
"MWG","14:25:55",42.05,-0.65,1900,6054300,"B"
"MWG","14:25:53",42.1,-0.6,900,6052400,"S"
"MWG","14:25:52",42.05,-0.65,200,6051500,"B"
"MWG","14:25:51",42.1,-0.6,1000,6051300,"S"
"MWG","14:25:44",42.1,-0.6,3500,6050300,"S"
"MWG","14:25:42",42.1,-0.6,500,6046800,"S"
"MWG","14:25:38",42.1,-0.6,3200,6046300,"S"
"MWG","14:25:37",42.05,-0.65,200,6043100,"B"
"MWG","14:25:36",42.05,-0.65,500,6042900,"B"
"MWG","14:25:36",42.1,-0.6,1800,6042400,"S"
"MWG","14:25:35",42.1,-0.6,1000,6040600,"S"
"MWG","14:25:34",42.1,-0.6,200,6039600,"S"
"MWG","14:25:34",42.1,-0.6,100,6039400,"S"
"MWG","14:25:32",42.05,-0.65,6000,6039300,"B"
"MWG","14:25:30",42.05,-0.65,30000,6033300,"B"
"MWG","14:25:29",42.1,-0.6,1000,6003300,"S"
"MWG","14:25:29",42.1,-0.6,5100,6002300,"S"
"MWG","14:25:26",42.05,-0.65,1000,5997200,"B"
"MWG","14:25:25",42.1,-0.6,15100,5996200,"S"
"MWG","14:25:24",42.1,-0.6,400,5981100,"S"
"MWG","14:25:23",42.1,-0.6,100,5980700,"S"
"MWG","14:25:22",42.1,-0.6,1000,5980600,"S"
"MWG","14:25:21",42.1,-0.6,2500,5979600,"S"
"MWG","14:25:21",42.05,-0.65,200,5977100,"B"
"MWG","14:25:20",42.1,-0.6,500,5976900,"S"
"MWG","14:25:16",42.1,-0.6,4100,5976400,"S"
"MWG","14:25:15",42.1,-0.6,1000,5972300,"S"
"MWG","14:25:09",42.1,-0.6,25600,5971300,"B"
"MWG","14:25:08",42.15,-0.55,1900,5945700,"S"
"MWG","14:25:06",42.15,-0.55,100,5943800,"S"
"MWG","14:25:05",42.15,-0.55,700,5943700,"S"
"MWG","14:25:05",42.1,-0.6,200,5943000,"B"
"MWG","14:25:04",42.1,-0.6,40000,5942800,"B"
"MWG","14:24:59",42.15,-0.55,1000,5902800,"S"
"MWG","14:24:58",42.15,-0.55,100,5901800,"S"
"MWG","14:24:52",42.15,-0.55,1000,5901700,"S"
"MWG","14:24:50",42.1,-0.6,100,5900700,"B"
"MWG","14:24:44",42.15,-0.55,1000,5900600,"S"
"MWG","14:24:43",42.1,-0.6,200,5899600,"B"
"MWG","14:24:41",42.1,-0.6,4600,5899400,"B"
"MWG","14:24:39",42.15,-0.55,100,5894800,"S"
"MWG","14:24:38",42.15,-0.55,900,5894700,"S"
"MWG","14:24:34",42.1,-0.6,200,5893800,"B"
"MWG","14:24:33",42.1,-0.6,100,5893600,"B"
"MWG","14:24:30",42.15,-0.55,1000,5893500,"S"
"MWG","14:24:22",42.15,-0.55,1000,5892500,"S"
"MWG","14:24:19",42.05,-0.65,100,5891500,"B"
"MWG","14:24:14",42.15,-0.55,1000,5891300,"S"
"MWG","14:24:11",42,-0.7,51000,5890300,"B"
"MWG","14:24:11",42.05,-0.65,8800,5839300,"B"
"MWG","14:24:11",42.1,-0.6,200,5830500,"B"
"MWG","14:24:11",42.15,-0.55,800,5830300,"S"
"MWG","14:24:08",42.15,-0.55,1000,5829500,"S"
"MWG","14:24:03",42.05,-0.65,500,5828500,"B"
"MWG","14:24:00",42.15,-0.55,900,5828000,"S"
"MWG","14:23:52",42.1,-0.6,1000,5827100,"S"
"MWG","14:23:48",42.05,-0.65,52200,5826100,"B"
"MWG","14:23:48",42.1,-0.6,19200,5773900,"B"
"MWG","14:23:46",42.1,-0.6,100,5754700,"B"
"MWG","14:23:44",42.15,-0.55,1000,5754600,"S"
"MWG","14:23:42",42.1,-0.6,2800,5753600,"S"
"MWG","14:23:38",42.05,-0.65,500,5750800,"B"
"MWG","14:23:38",42.1,-0.6,1000,5750300,"S"
"MWG","14:23:37",42.05,-0.65,500,5749300,"B"
"MWG","14:23:37",42.1,-0.6,800,5748800,"S"
"MWG","14:23:35",42.1,-0.6,500,5748000,"S"
"MWG","14:23:33",42.1,-0.6,800,5747500,"S"
"MWG","14:23:32",42.05,-0.65,100,5746700,"B"
"MWG","14:23:30",42.1,-0.6,1000,5746600,"S"
"MWG","14:23:30",42.1,-0.6,1000,5745600,"S"
"MWG","14:23:29",42.05,-0.65,300,5744600,"B"
"MWG","14:23:25",42.1,-0.6,100,5744300,"S"
"MWG","14:23:22",42.1,-0.6,900,5744200,"S"
"MWG","14:23:21",42.1,-0.6,800,5743300,"S"
"MWG","14:23:19",42.1,-0.6,300,5742500,"B"
"MWG","14:23:16",42.1,-0.6,200,5742200,"B"
"MWG","14:23:15",42.15,-0.55,500,5742000,"S"
"MWG","14:23:14",42.15,-0.55,1000,5741500,"S"
"MWG","14:23:10",42.05,-0.65,1000,5740500,"B"
"MWG","14:23:10",42.1,-0.6,1000,5739500,"B"
"MWG","14:23:08",42.15,-0.55,1000,5738500,"S"
"MWG","14:23:05",42.1,-0.6,500,5737500,"S"
"MWG","14:23:01",42.05,-0.65,100,5737000,"B"
"MWG","14:23:01",42.1,-0.6,100,5736900,"B"
"MWG","14:23:00",42.1,-0.6,5000,5736800,"B"
"MWG","14:23:00",42.15,-0.55,1000,5731800,"S"
"MWG","14:22:58",42.1,-0.6,5000,5730800,"B"
"MWG","14:22:57",42.15,-0.55,1000,5725800,"S"
"MWG","14:22:53",42.15,-0.55,800,5724800,"S"
"MWG","14:22:53",42.15,-0.55,900,5723900,"S"
"MWG","14:22:48",42.15,-0.55,100,5723000,"S"
"MWG","14:22:47",42.15,-0.55,1200,5722900,"S"
"MWG","14:22:45",42.1,-0.6,200,5721700,"B"
"MWG","14:22:45",42.15,-0.55,1000,5721500,"S"
"MWG","14:22:44",42.15,-0.55,5000,5720500,"S"
"MWG","14:22:38",42.15,-0.55,1000,5715500,"S"
"MWG","14:22:37",42.1,-0.6,2000,5714500,"B"
"MWG","14:22:36",42.1,-0.6,200,5712500,"S"
"MWG","14:22:35",42.1,-0.6,1800,5712300,"B"
"MWG","14:22:34",42.15,-0.55,700,5710500,"S"
"MWG","14:22:33",42.15,-0.55,1000,5709800,"S"
"MWG","14:22:31",42.15,-0.55,3000,5708800,"S"
"MWG","14:22:30",42.15,-0.55,2000,5705800,"S"
"MWG","14:22:30",42.1,-0.6,200,5703800,"B"
"MWG","14:22:30",42.15,-0.55,200,5703600,"S"
"MWG","14:22:29",42.15,-0.55,1200,5703400,"S"
"MWG","14:22:27",42.15,-0.55,200,5702200,"S"
"MWG","14:22:27",42.1,-0.6,71200,5702000,"B"
"MWG","14:22:27",42.15,-0.55,500,5630800,"S"
"MWG","14:22:25",42.15,-0.55,2000,5630300,"S"
"MWG","14:22:24",42.15,-0.55,3100,5628300,"S"
"MWG","14:22:22",42.15,-0.55,1000,5625200,"S"
"MWG","14:22:20",42.15,-0.55,2100,5624200,"S"
"MWG","14:22:20",42.1,-0.6,2000,5622100,"B"
"MWG","14:22:18",42.15,-0.55,300,5620100,"S"
"MWG","14:22:15",42.15,-0.55,6600,5619800,"S"
"MWG","14:22:14",42.1,-0.6,100,5613200,"B"
"MWG","14:22:13",42.1,-0.6,600,5613100,"B"
"MWG","14:22:11",42.15,-0.55,700,5612500,"S"
"MWG","14:22:08",42.15,-0.55,1000,5611800,"S"
"MWG","14:22:07",42.15,-0.55,5000,5610800,"S"
"MWG","14:22:04",42.15,-0.55,2000,5605800,"S"
"MWG","14:22:03",42.1,-0.6,400,5603800,"B"
"MWG","14:21:59",42.15,-0.55,1000,5603400,"S"
"MWG","14:21:59",42.1,-0.6,200,5602400,"B"
"MWG","14:21:57",42.15,-0.55,200,5602200,"S"
"MWG","14:21:55",42.15,-0.55,300,5602000,"S"
"MWG","14:21:52",42.15,-0.55,3000,5601700,"S"
"MWG","14:21:46",42.15,-0.55,1000,5598700,"S"
"MWG","14:21:45",42.15,-0.55,700,5597700,"S"
"MWG","14:21:43",42.1,-0.6,200,5597000,"B"
"MWG","14:21:39",42.15,-0.55,200,5596800,"S"
"MWG","14:21:38",42.15,-0.55,400,5596600,"S"
"MWG","14:21:36",42.1,-0.6,40000,5596200,"B"
"MWG","14:21:34",42.1,-0.6,100,5556200,"B"
"MWG","14:21:32",42.1,-0.6,2000,5556100,"B"
"MWG","14:21:29",42.15,-0.55,400,5554100,"S"
"MWG","14:21:28",42.15,-0.55,10000,5553700,"S"
"MWG","14:21:27",42.1,-0.6,4900,5543700,"S"
"MWG","14:21:25",42,-0.7,200,5538800,"B"
"MWG","14:21:23",42.1,-0.6,800,5538600,"S"
"MWG","14:21:22",42.1,-0.6,1500,5537800,"S"
"MWG","14:21:17",42,-0.7,19000,5536300,"B"
"MWG","14:21:15",42.1,-0.6,800,5517300,"S"
"MWG","14:21:15",42.05,-0.65,2000,5516500,"S"
"MWG","14:21:14",42,-0.7,2500,5514500,"S"
"MWG","14:21:14",42,-0.7,10000,5512000,"S"
"MWG","14:21:13",42,-0.7,100,5502000,"S"
"MWG","14:21:12",42,-0.7,500,5501900,"S"
"MWG","14:21:12",41.95,-0.75,200,5501400,"B"
"MWG","14:21:12",42,-0.7,20000,5501200,"S"
"MWG","14:21:11",42,-0.7,300,5481200,"S"
"MWG","14:21:10",42,-0.7,100,5480900,"S"
"MWG","14:21:09",42,-0.7,100,5480800,"S"
"MWG","14:21:08",42,-0.7,100,5480700,"S"
"MWG","14:21:07",42,-0.7,2000,5480600,"S"
"MWG","14:21:00",42,-0.7,2000,5478600,"S"
"MWG","14:20:59",41.95,-0.75,100,5476600,"B"
"MWG","14:20:56",41.95,-0.75,100,5476500,"B"
"MWG","14:20:55",41.95,-0.75,100,5476400,"B"
"MWG","14:20:53",41.95,-0.75,600,5476300,"B"
"MWG","14:20:52",41.95,-0.75,400,5475700,"S"
"MWG","14:20:52",41.9,-0.8,5000,5475300,"B"
"MWG","14:20:51",41.95,-0.75,1500,5470300,"S"
"MWG","14:20:50",41.9,-0.8,1000,5468800,"B"
"MWG","14:20:47",41.95,-0.75,100,5467800,"B"
"MWG","14:20:45",41.9,-0.8,1900,5467700,"B"
"MWG","14:20:45",41.95,-0.75,100,5465800,"B"
"MWG","14:20:41",41.9,-0.8,1300,5465700,"B"
"MWG","14:20:40",41.95,-0.75,500,5464200,"B"
"MWG","14:20:34",41.9,-0.8,1800,5463700,"B"
"MWG","14:20:34",41.95,-0.75,1200,5461900,"B"
"MWG","14:20:33",41.95,-0.75,8800,5460700,"S"
"MWG","14:20:32",41.9,-0.8,1100,5451900,"B"
"MWG","14:20:31",41.9,-0.8,3000,5450800,"B"
"MWG","14:20:30",41.95,-0.75,200,5447800,"S"
"MWG","14:20:29",41.95,-0.75,10000,5447600,"B"
"MWG","14:20:26",42,-0.7,300,5437600,"S"
"MWG","14:20:25",41.95,-0.75,200,5437300,"B"
"MWG","14:20:24",41.95,-0.75,200,5437100,"S"
"MWG","14:20:23",41.95,-0.75,800,5436900,"S"
"MWG","14:20:20",41.9,-0.8,500,5436100,"B"
"MWG","14:20:17",42,-0.7,500,5435600,"S"
"MWG","14:20:17",41.9,-0.8,3000,5435100,"B"
"MWG","14:20:16",41.9,-0.8,500,5432100,"B"
"MWG","14:20:16",41.9,-0.8,11400,5431600,"B"
"MWG","14:20:16",41.95,-0.75,8900,5420200,"B"
"MWG","14:20:14",42,-0.7,100,5411300,"S"
"MWG","14:20:14",41.95,-0.75,600,5411200,"B"
"MWG","14:20:13",41.95,-0.75,1000,5410600,"B"
"MWG","14:20:12",41.95,-0.75,1600,5409600,"B"
"MWG","14:20:12",42,-0.7,8400,5408000,"B"
"MWG","14:20:11",42,-0.7,5000,5399600,"B"
"MWG","14:20:11",42,-0.7,10000,5394600,"B"
"MWG","14:20:10",42,-0.7,200,5384600,"B"
"MWG","14:20:09",42,-0.7,10000,5384400,"B"
"MWG","14:20:08",42.05,-0.65,100,5374400,"S"
"MWG","14:20:07",42,-0.7,11000,5374300,"B"
"MWG","14:20:06",42,-0.7,100000,5363300,"B"
"MWG","14:20:05",42,-0.7,200,5263300,"B"
"MWG","14:20:05",42.05,-0.65,3000,5263100,"S"
"MWG","14:20:04",42,-0.7,2000,5260100,"B"
"MWG","14:20:02",42,-0.7,1500,5258100,"B"
"MWG","14:20:02",42.05,-0.65,500,5256600,"S"
"MWG","14:20:00",42,-0.7,2500,5256100,"B"
"MWG","14:19:54",42,-0.7,200,5253600,"B"
"MWG","14:19:53",42,-0.7,3000,5253400,"B"
"MWG","14:19:50",42,-0.7,200000,5250400,"B"
"MWG","14:19:48",42.05,-0.65,100,5050400,"S"
"MWG","14:19:47",42,-0.7,200,5050300,"B"
"MWG","14:19:46",42.05,-0.65,100,5050100,"S"
"MWG","14:19:45",42.05,-0.65,900,5050000,"B"
"MWG","14:19:39",42.05,-0.65,100,5049100,"B"
"MWG","14:19:38",42,-0.7,1000,5049000,"B"
"MWG","14:19:38",42.1,-0.6,2000,5048000,"S"
"MWG","14:19:38",42,-0.7,1500,5046000,"B"
"MWG","14:19:37",42,-0.7,17500,5044500,"B"
"MWG","14:19:37",42.05,-0.65,32500,5027000,"B"
"MWG","14:19:34",42.1,-0.6,500,4994500,"S"
"MWG","14:19:32",42.1,-0.6,300,4994000,"S"
"MWG","14:19:31",42.1,-0.6,500,4993700,"S"
"MWG","14:19:27",42.05,-0.65,3000,4993200,"B"
"MWG","14:19:25",42.1,-0.6,1000,4990200,"S"
"MWG","14:19:23",42.1,-0.6,200,4989200,"S"
"MWG","14:19:23",42.05,-0.65,200,4989000,"B"
"MWG","14:19:22",42.1,-0.6,200,4988800,"S"
"MWG","14:19:22",42.1,-0.6,400,4988600,"S"
"MWG","14:19:21",42.1,-0.6,100,4988200,"S"
"MWG","14:19:20",42.1,-0.6,100,4988100,"S"
"MWG","14:19:19",42.1,-0.6,300,4988000,"S"
"MWG","14:19:19",42.1,-0.6,200,4987700,"S"
"MWG","14:19:14",42.1,-0.6,2000,4986300,"S"
"MWG","14:19:11",42.1,-0.6,500,4984300,"S"
"MWG","14:19:10",42.1,-0.6,200,4983800,"S"
"MWG","14:19:08",42.1,-0.6,500,4983600,"S"
"MWG","14:19:07",42.1,-0.6,7600,4983100,"B"
"MWG","14:19:06",42.1,-0.6,6000,4975500,"B"
"MWG","14:19:04",42.1,-0.6,6500,4969500,"B"
"MWG","14:19:02",42.1,-0.6,4700,4963000,"B"
"MWG","14:19:01",42.1,-0.6,400,4958300,"B"
"MWG","14:19:01",42.15,-0.55,1100,4957900,"S"
"MWG","14:19:00",42.1,-0.6,4400,4956800,"B"
"MWG","14:18:57",42.1,-0.6,1000,4952400,"B"
"MWG","14:18:56",42.1,-0.6,1900,4951400,"B"
"MWG","14:18:56",42.15,-0.55,100,4949500,"S"
"MWG","14:18:56",42.1,-0.6,2100,4949400,"B"
"MWG","14:18:56",42.1,-0.6,500,4947300,"B"
"MWG","14:18:54",42.1,-0.6,1500,4946800,"B"
"MWG","14:18:52",42.1,-0.6,1200,4945300,"B"
"MWG","14:18:49",42.15,-0.55,100,4944100,"S"
"MWG","14:18:48",42.15,-0.55,8000,4944000,"S"
"MWG","14:18:44",42.1,-0.6,100,4936000,"B"
"MWG","14:18:43",42.1,-0.6,2000,4935900,"B"
"MWG","14:18:42",42.1,-0.6,1500,4933900,"B"
"MWG","14:18:41",42.1,-0.6,200,4932400,"B"
"MWG","14:18:40",42.1,-0.6,5000,4932200,"B"
"MWG","14:18:39",42.15,-0.55,100,4927200,"S"
"MWG","14:18:36",42.1,-0.6,200,4927100,"B"
"MWG","14:18:35",42.1,-0.6,10000,4926900,"B"
"MWG","14:18:34",42.1,-0.6,2400,4916900,"B"
"MWG","14:18:32",42.1,-0.6,1900,4914500,"B"
"MWG","14:18:27",42.15,-0.55,500,4912600,"S"
"MWG","14:18:26",42.1,-0.6,1000,4912100,"B"
"MWG","14:18:25",42.1,-0.6,200,4911100,"B"
"MWG","14:18:22",42.1,-0.6,2000,4910900,"B"
"MWG","14:18:21",42.1,-0.6,3100,4908900,"B"
"MWG","14:18:20",42.15,-0.55,100,4905800,"S"
"MWG","14:18:18",42.15,-0.55,100,4905700,"S"
"MWG","14:18:17",42.15,-0.55,500,4905600,"S"
"MWG","14:18:13",42.15,-0.55,400,4905100,"S"
"MWG","14:18:13",42.1,-0.6,1200,4904700,"B"
"MWG","14:18:13",42.15,-0.55,10800,4903500,"B"
"MWG","14:18:12",42.15,-0.55,500,4892700,"B"
"MWG","14:18:11",42.15,-0.55,1900,4892200,"B"
"MWG","14:18:10",42.2,-0.5,2000,4890300,"S"
"MWG","14:18:08",42.15,-0.55,2000,4888300,"B"
"MWG","14:18:05",42.15,-0.55,200,4886300,"B"
"MWG","14:17:59",42.2,-0.5,2000,4886100,"S"
"MWG","14:17:57",42.15,-0.55,4400,4884100,"B"
"MWG","14:17:54",42.15,-0.55,1900,4879700,"B"
"MWG","14:17:52",42.15,-0.55,100,4877800,"B"
"MWG","14:17:51",42.15,-0.55,2000,4877700,"S"
"MWG","14:17:50",42.1,-0.6,200,4875700,"B"
"MWG","14:17:49",42.15,-0.55,1000,4875300,"S"
"MWG","14:17:48",42.15,-0.55,300,4874300,"S"
"MWG","14:17:47",42.15,-0.55,1000,4874000,"S"
"MWG","14:17:45",42.15,-0.55,500,4873000,"S"
"MWG","14:17:43",42.15,-0.55,100,4872500,"S"
"MWG","14:17:38",42.15,-0.55,500,4872400,"S"
"MWG","14:17:36",42.15,-0.55,100,4871900,"S"
"MWG","14:17:34",42.15,-0.55,1300,4871800,"B"
"MWG","14:17:31",42.15,-0.55,5000,4870500,"B"
"MWG","14:17:29",42.15,-0.55,5000,4865500,"B"
"MWG","14:17:27",42.2,-0.5,5700,4860500,"S"
"MWG","14:17:22",42.2,-0.5,500,4854800,"S"
"MWG","14:17:18",42.15,-0.55,200,4854300,"B"
"MWG","14:17:17",42.2,-0.5,1000,4854100,"S"
"MWG","14:17:13",42.2,-0.5,1000,4853100,"S"
"MWG","14:17:05",42.2,-0.5,11800,4852100,"B"
"MWG","14:17:04",42.2,-0.5,2000,4840300,"B"
"MWG","14:17:03",42.2,-0.5,100,4838300,"B"
"MWG","14:17:03",42.2,-0.5,400,4838200,"B"
"MWG","14:17:02",42.2,-0.5,10000,4837800,"B"
"MWG","14:17:01",42.2,-0.5,5000,4827800,"B"
"MWG","14:16:55",42.2,-0.5,1000,4822800,"B"
"MWG","14:16:49",42.2,-0.5,3000,4821800,"B"
"MWG","14:16:47",42.2,-0.5,200,4818800,"B"
"MWG","14:16:46",42.25,-0.45,1000,4818600,"S"
"MWG","14:16:39",42.2,-0.5,2000,4817600,"B"
"MWG","14:16:32",42.2,-0.5,200,4815600,"B"
"MWG","14:16:27",42.2,-0.5,1300,4815400,"B"
"MWG","14:16:27",42.2,-0.5,700,4814100,"B"
"MWG","14:16:22",42.2,-0.5,2000,4813400,"B"
"MWG","14:16:19",42.2,-0.5,300,4811400,"B"
"MWG","14:16:16",42.2,-0.5,200,4811100,"B"
"MWG","14:16:11",42.25,-0.45,100,4810900,"S"
"MWG","14:16:07",42.2,-0.5,5000,4810800,"B"
"MWG","14:16:04",42.2,-0.5,500,4805800,"B"
"MWG","14:16:01",42.2,-0.5,1500,4805300,"B"
"MWG","14:15:55",42.25,-0.45,200,4803800,"S"
"MWG","14:15:53",42.2,-0.5,5000,4803600,"B"
"MWG","14:15:52",42.2,-0.5,1000,4798600,"B"
"MWG","14:15:45",42.2,-0.5,100,4797600,"B"
"MWG","14:15:45",42.2,-0.5,200,4797500,"B"
"MWG","14:15:43",42.2,-0.5,7900,4797300,"B"
"MWG","14:15:34",42.2,-0.5,10000,4789400,"B"
"MWG","14:15:29",42.2,-0.5,100,4779400,"B"
"MWG","14:15:23",42.2,-0.5,2400,4779300,"B"
"MWG","14:15:20",42.25,-0.45,300,4776900,"S"
"MWG","14:15:17",42.25,-0.45,200,4776600,"S"
"MWG","14:15:14",42.2,-0.5,7900,4776400,"B"
"MWG","14:15:14",42.25,-0.45,500,4768500,"S"
"MWG","14:15:14",42.2,-0.5,3200,4768000,"B"
"MWG","14:15:13",42.2,-0.5,1300,4764800,"B"
"MWG","14:15:07",42.2,-0.5,10000,4763500,"B"
"MWG","14:15:07",42.25,-0.45,1300,4753500,"S"
"MWG","14:15:06",42.2,-0.5,7900,4752200,"B"
"MWG","14:15:04",42.2,-0.5,500,4744300,"B"
"MWG","14:15:04",42.25,-0.45,16000,4743800,"S"
"MWG","14:15:04",42.2,-0.5,4000,4727800,"B"
"MWG","14:14:58",42.2,-0.5,200,4723800,"B"
"MWG","14:14:52",42.25,-0.45,200,4723600,"S"
"MWG","14:14:52",42.2,-0.5,400,4723400,"B"
"MWG","14:14:46",42.2,-0.5,1500,4723000,"B"
"MWG","14:14:45",42.25,-0.45,500,4721500,"S"
"MWG","14:14:43",42.2,-0.5,200,4721000,"B"
"MWG","14:14:38",42.2,-0.5,500,4720800,"B"
"MWG","14:14:33",42.2,-0.5,100,4720300,"B"
"MWG","14:14:31",42.25,-0.45,1100,4720200,"S"
"MWG","14:14:29",42.2,-0.5,2000,4719100,"B"
"MWG","14:14:27",42.2,-0.5,200,4717100,"B"
"MWG","14:14:21",42.25,-0.45,200,4716900,"S"
"MWG","14:14:20",42.25,-0.45,3100,4716700,"B"
"MWG","14:14:17",42.25,-0.45,7900,4713600,"B"
"MWG","14:14:13",42.25,-0.45,4000,4705700,"B"
"MWG","14:14:12",42.25,-0.45,100,4701700,"B"
"MWG","14:14:09",42.25,-0.45,7900,4701600,"B"
"MWG","14:14:06",42.25,-0.45,500,4693700,"B"
"MWG","14:14:03",42.25,-0.45,1900,4693200,"B"
"MWG","14:14:00",42.25,-0.45,2600,4691300,"B"
"MWG","14:13:59",42.25,-0.45,7900,4688700,"B"
"MWG","14:13:59",42.3,-0.4,10000,4680800,"S"
"MWG","14:13:56",42.25,-0.45,200,4670800,"B"
"MWG","14:13:55",42.25,-0.45,10000,4670600,"B"
"MWG","14:13:52",42.25,-0.45,10000,4660600,"B"
"MWG","14:13:46",42.3,-0.4,300,4650600,"S"
"MWG","14:13:42",42.3,-0.4,2000,4650300,"S"
"MWG","14:13:40",42.25,-0.45,200,4648300,"B"
"MWG","14:13:38",42.25,-0.45,10000,4648100,"B"
"MWG","14:13:31",42.25,-0.45,1000,4638100,"B"
"MWG","14:13:25",42.3,-0.4,2000,4637100,"S"
"MWG","14:13:25",42.25,-0.45,200,4635100,"B"
"MWG","14:13:16",42.3,-0.4,100,4634900,"S"
"MWG","14:13:10",42.25,-0.45,200,4634800,"B"
"MWG","14:13:08",42.3,-0.4,2000,4634600,"S"
"MWG","14:13:07",42.25,-0.45,400,4632600,"B"
"MWG","14:13:00",42.25,-0.45,200,4632200,"B"
"MWG","14:12:59",42.25,-0.45,2000,4632000,"B"
"MWG","14:12:57",42.25,-0.45,54300,4630000,"S"
"MWG","14:12:54",42.25,-0.45,200,4575700,"S"
"MWG","14:12:54",42.2,-0.5,100,4575500,"B"
"MWG","14:12:50",42.25,-0.45,2000,4575400,"S"
"MWG","14:12:44",42.25,-0.45,500,4573400,"S"
"MWG","14:12:39",42.25,-0.45,200,4572900,"S"
"MWG","14:12:39",42.2,-0.5,200,4572700,"B"
"MWG","14:12:33",42.25,-0.45,2000,4572500,"S"
"MWG","14:12:31",42.2,-0.5,1000,4570500,"B"
"MWG","14:12:23",42.2,-0.5,200,4569500,"B"
"MWG","14:12:17",42.25,-0.45,1000,4569300,"S"
"MWG","14:12:16",42.25,-0.45,2000,4568300,"S"
"MWG","14:12:11",42.2,-0.5,200,4566300,"B"
"MWG","14:12:08",42.2,-0.5,1900,4566100,"B"
"MWG","14:12:07",42.2,-0.5,200,4564200,"B"
"MWG","14:12:05",42.25,-0.45,100,4564000,"S"
"MWG","14:12:01",42.2,-0.5,900,4563900,"B"
"MWG","14:11:59",42.25,-0.45,2000,4563000,"S"
"MWG","14:11:59",42.2,-0.5,1900,4561000,"B"
"MWG","14:11:56",42.25,-0.45,500,4559100,"S"
"MWG","14:11:55",42.25,-0.45,9000,4558600,"B"
"MWG","14:11:52",42.25,-0.45,200,4549600,"B"
"MWG","14:11:52",42.25,-0.45,1000,4549400,"B"
"MWG","14:11:51",42.25,-0.45,100,4548400,"B"
"MWG","14:11:47",42.3,-0.4,200,4548300,"S"
"MWG","14:11:47",42.25,-0.45,4800,4548100,"B"
"MWG","14:11:46",42.25,-0.45,3100,4543300,"B"
"MWG","14:11:39",42.25,-0.45,7900,4540200,"B"
"MWG","14:11:36",42.25,-0.45,3900,4532300,"B"
"MWG","14:11:33",42.25,-0.45,3000,4528400,"B"
"MWG","14:11:31",42.25,-0.45,7900,4525400,"B"
"MWG","14:11:28",42.25,-0.45,1000,4517500,"B"
"MWG","14:11:24",42.25,-0.45,5000,4516500,"B"
"MWG","14:11:22",42.25,-0.45,10000,4511500,"B"
"MWG","14:11:20",42.25,-0.45,1200,4501500,"B"
"MWG","14:11:17",42.3,-0.4,100,4500300,"S"
"MWG","14:11:12",42.3,-0.4,300,4500200,"S"
"MWG","14:11:12",42.25,-0.45,1900,4499900,"B"
"MWG","14:11:09",42.25,-0.45,1000,4498000,"B"
"MWG","14:11:08",42.25,-0.45,2400,4497000,"B"
"MWG","14:11:05",42.25,-0.45,200,4494600,"B"
"MWG","14:11:04",42.25,-0.45,900,4494400,"B"
"MWG","14:10:55",42.25,-0.45,11400,4493500,"B"
"MWG","14:10:49",42.25,-0.45,200,4482100,"B"
"MWG","14:10:48",42.3,-0.4,200,4481900,"S"
"MWG","14:10:41",42.3,-0.4,1000,4481700,"S"
"MWG","14:10:35",42.25,-0.45,500,4480700,"B"
"MWG","14:10:34",42.25,-0.45,200,4480200,"B"
"MWG","14:10:25",42.3,-0.4,100,4480000,"S"
"MWG","14:10:18",42.25,-0.45,100,4479900,"B"
"MWG","14:10:15",42.3,-0.4,100,4479800,"S"
"MWG","14:10:12",42.25,-0.45,500,4479700,"B"
"MWG","14:10:08",42.3,-0.4,800,4479200,"S"
"MWG","14:10:06",42.3,-0.4,100,4478400,"S"
"MWG","14:10:05",42.3,-0.4,500,4478300,"S"
"MWG","14:10:03",42.25,-0.45,200,4477800,"B"
"MWG","14:10:02",42.3,-0.4,1000,4477600,"S"
"MWG","14:09:56",42.3,-0.4,2000,4476600,"S"
"MWG","14:09:56",42.25,-0.45,200,4474600,"B"
"MWG","14:09:53",42.3,-0.4,100,4474400,"S"
"MWG","14:09:53",42.3,-0.4,1500,4474300,"S"
"MWG","14:09:47",42.25,-0.45,200,4472800,"B"
"MWG","14:09:46",42.25,-0.45,2000,4472600,"B"
"MWG","14:09:31",42.25,-0.45,2200,4470600,"B"
"MWG","14:09:16",42.25,-0.45,2000,4468400,"B"
"MWG","14:09:16",42.3,-0.4,100,4466400,"S"
"MWG","14:09:14",42.25,-0.45,2000,4466100,"B"
"MWG","14:09:12",42.25,-0.45,100,4464100,"B"
"MWG","14:09:10",42.25,-0.45,400,4464000,"B"
"MWG","14:09:07",42.25,-0.45,500,4463600,"B"
"MWG","14:09:06",42.25,-0.45,1000,4463100,"B"
"MWG","14:09:01",42.3,-0.4,200,4462100,"S"
"MWG","14:09:00",42.25,-0.45,100,4461900,"B"
"MWG","14:08:54",42.25,-0.45,200,4461800,"B"
"MWG","14:08:45",42.25,-0.45,200,4461600,"B"
"MWG","14:08:39",42.2,-0.5,2200,4461400,"B"
"MWG","14:08:39",42.25,-0.45,17800,4459200,"B"
"MWG","14:08:29",42.25,-0.45,200,4441400,"B"
"MWG","14:08:27",42.3,-0.4,5000,4441200,"S"
"MWG","14:08:25",42.25,-0.45,100,4436200,"B"
"MWG","14:08:14",42.25,-0.45,200,4436100,"B"
"MWG","14:08:11",42.25,-0.45,1000,4435900,"B"
"MWG","14:08:08",42.3,-0.4,100,4434900,"S"
"MWG","14:08:06",42.3,-0.4,100,4434800,"S"
"MWG","14:08:04",42.25,-0.45,12600,4434700,"S"
"MWG","14:07:58",42.2,-0.5,200,4422100,"B"
"MWG","14:07:53",42.25,-0.45,300,4421900,"S"
"MWG","14:07:49",42.25,-0.45,500,4421600,"B"
"MWG","14:07:47",42.3,-0.4,700,4421100,"S"
"MWG","14:07:47",42.25,-0.45,400,4420400,"S"
"MWG","14:07:46",42.25,-0.45,100,4420000,"S"
"MWG","14:07:42",42.2,-0.5,100,4419900,"B"
"MWG","14:07:41",42.25,-0.45,100,4419800,"S"
"MWG","14:07:34",42.25,-0.45,100,4419700,"S"
"MWG","14:07:33",42.25,-0.45,100,4419600,"S"
"MWG","14:07:29",42.25,-0.45,100,4419500,"S"
"MWG","14:07:29",42.25,-0.45,200,4419400,"S"
"MWG","14:07:27",42.2,-0.5,200,4419200,"B"
"MWG","14:07:27",42.25,-0.45,5000,4419000,"S"
"MWG","14:07:12",42.2,-0.5,500,4414000,"B"
"MWG","14:07:11",42.2,-0.5,200,4413500,"B"
"MWG","14:07:10",42.2,-0.5,4400,4413300,"S"
"MWG","14:07:09",42.2,-0.5,100,4408900,"S"
"MWG","14:07:06",42.2,-0.5,200,4408800,"S"
"MWG","14:07:02",42.2,-0.5,3000,4408600,"S"
"MWG","14:06:56",42.1,-0.6,100,4405600,"B"
"MWG","14:06:56",42.15,-0.55,100,4405500,"B"
"MWG","14:06:55",42.2,-0.5,17300,4405400,"B"
"MWG","14:06:52",42.25,-0.45,200,4388100,"S"
"MWG","14:06:50",42.25,-0.45,100,4387900,"S"
"MWG","14:06:49",42.1,-0.6,7200,4387800,"B"
"MWG","14:06:49",42.15,-0.55,1700,4380600,"B"
"MWG","14:06:49",42.2,-0.5,1100,4378900,"B"
"MWG","14:06:42",42.2,-0.5,1600,4377800,"B"
"MWG","14:06:40",42.2,-0.5,200,4376200,"B"
"MWG","14:06:35",42.2,-0.5,1000,4376000,"B"
"MWG","14:06:31",42.2,-0.5,14000,4375000,"B"
"MWG","14:06:28",42.2,-0.5,100,4361000,"B"
"MWG","14:06:25",42.2,-0.5,600,4360900,"B"
"MWG","14:06:19",42.2,-0.5,1500,4360300,"B"
"MWG","14:06:13",42.1,-0.6,400,4358800,"B"
"MWG","14:06:12",42.1,-0.6,2500,4358400,"B"
"MWG","14:06:11",42.1,-0.6,9700,4355900,"B"
"MWG","14:06:11",42.15,-0.55,19800,4346200,"B"
"MWG","14:06:11",42.2,-0.5,12100,4326400,"B"
"MWG","14:06:09",42.2,-0.5,200,4314300,"B"
"MWG","14:06:09",42.3,-0.4,1000,4314100,"S"
"MWG","14:06:02",42.25,-0.45,500,4313100,"S"
"MWG","14:06:01",42.25,-0.45,200,4312600,"S"
"MWG","14:05:59",42.2,-0.5,5700,4312400,"B"
"MWG","14:05:58",42.2,-0.5,6000,4306700,"B"
"MWG","14:05:57",42.25,-0.45,100,4300700,"S"
"MWG","14:05:54",42.2,-0.5,200,4300600,"B"
"MWG","14:05:49",42.2,-0.5,300,4300400,"B"
"MWG","14:05:49",42.2,-0.5,1000,4300100,"B"
"MWG","14:05:46",42.2,-0.5,7200,4299100,"B"
"MWG","14:05:46",42.25,-0.45,500,4291900,"B"
"MWG","14:05:41",42.2,-0.5,800,4291400,"B"
"MWG","14:05:40",42.2,-0.5,87900,4290600,"B"
"MWG","14:05:40",42.25,-0.45,62100,4202700,"B"
"MWG","14:05:38",42.25,-0.45,200,4140600,"B"
"MWG","14:05:38",42.3,-0.4,100,4140400,"S"
"MWG","14:05:36",42.3,-0.4,100,4140300,"S"
"MWG","14:05:34",42.3,-0.4,300,4140200,"S"
"MWG","14:05:33",42.3,-0.4,1000,4139900,"S"
"MWG","14:05:31",42.3,-0.4,100,4138900,"S"
"MWG","14:05:26",42.3,-0.4,400,4138800,"S"
"MWG","14:05:26",42.25,-0.45,10000,4138400,"B"
"MWG","14:05:25",42.25,-0.45,30000,4127800,"B"
"MWG","14:05:22",42.25,-0.45,200,4097800,"B"
"MWG","14:05:15",42.3,-0.4,200,4097600,"S"
"MWG","14:05:14",42.25,-0.45,20000,4097400,"B"
"MWG","14:05:08",42.3,-0.4,800,4077400,"S"
"MWG","14:05:07",42.25,-0.45,100,4076600,"B"
"MWG","14:05:02",42.3,-0.4,300,4076500,"S"
"MWG","14:05:01",42.3,-0.4,6900,4076200,"B"
"MWG","14:04:58",42.3,-0.4,1000,4069300,"B"
"MWG","14:04:54",42.3,-0.4,1900,4068300,"S"
"MWG","14:04:53",42.3,-0.4,900,4066400,"S"
"MWG","14:04:52",42.3,-0.4,5000,4065500,"S"
"MWG","14:04:51",42.25,-0.45,200,4060500,"B"
"MWG","14:04:47",42.3,-0.4,1000,4060300,"S"
"MWG","14:04:39",42.3,-0.4,500,4059300,"S"
"MWG","14:04:36",42.25,-0.45,200,4058800,"B"
"MWG","14:04:34",42.3,-0.4,100,4058100,"S"
"MWG","14:04:32",42.3,-0.4,800,4058000,"S"
"MWG","14:04:30",42.3,-0.4,2100,4057200,"S"
"MWG","14:04:29",42.3,-0.4,800,4055100,"S"
"MWG","14:04:28",42.3,-0.4,4200,4054300,"S"
"MWG","14:04:24",42.3,-0.4,100,4050100,"S"
"MWG","14:04:23",42.3,-0.4,2500,4050000,"S"
"MWG","14:04:20",42.25,-0.45,200,4047500,"B"
"MWG","14:04:12",42.3,-0.4,100,4047300,"S"
"MWG","14:04:09",42.3,-0.4,100,4047200,"S"
"MWG","14:04:09",42.25,-0.45,300,4047100,"B"
"MWG","14:04:08",42.3,-0.4,100,4046800,"S"
"MWG","14:04:05",42.25,-0.45,200,4046700,"B"
"MWG","14:04:05",42.3,-0.4,2000,4046500,"S"
"MWG","14:04:04",42.3,-0.4,100,4044500,"S"
"MWG","14:04:03",42.3,-0.4,300,4044400,"B"
"MWG","14:04:03",42.3,-0.4,20800,4044100,"B"
"MWG","14:03:57",42.3,-0.4,600,4023300,"B"
"MWG","14:03:51",42.35,-0.35,200,4022700,"S"
"MWG","14:03:49",42.3,-0.4,200,4022500,"B"
"MWG","14:03:35",42.35,-0.35,100,4022300,"S"
"MWG","14:03:29",42.35,-0.35,200,4022200,"S"
"MWG","14:03:23",42.3,-0.4,2000,4022000,"B"
"MWG","14:03:18",42.35,-0.35,1100,4020000,"S"
"MWG","14:03:16",42.35,-0.35,100,4018900,"S"
"MWG","14:03:16",42.3,-0.4,500,4018800,"B"
"MWG","14:02:59",42.3,-0.4,80500,4018300,"B"
"MWG","14:02:52",42.35,-0.35,300,3937800,"S"
"MWG","14:02:49",42.35,-0.35,1000,3937500,"S"
"MWG","14:02:42",42.35,-0.35,300,3936500,"S"
"MWG","14:02:38",42.35,-0.35,1000,3936200,"S"
"MWG","14:02:33",42.35,-0.35,300,3935200,"S"
"MWG","14:02:17",42.35,-0.35,500,3934900,"S"
"MWG","14:02:13",42.35,-0.35,200,3934400,"S"
"MWG","14:02:12",42.35,-0.35,100,3934200,"S"
"MWG","14:02:10",42.35,-0.35,800,3934100,"S"
"MWG","14:02:08",42.35,-0.35,100,3933300,"S"
"MWG","14:02:06",42.3,-0.4,2000,3933200,"B"
"MWG","14:02:01",42.35,-0.35,200,3931200,"S"
"MWG","14:02:00",42.35,-0.35,400,3931000,"S"
"MWG","14:01:49",42.35,-0.35,500,3930600,"S"
"MWG","14:01:47",42.3,-0.4,13000,3930100,"B"
"MWG","14:01:45",42.35,-0.35,200,3917100,"S"
"MWG","14:01:43",42.35,-0.35,800,3916900,"S"
"MWG","14:01:33",42.35,-0.35,200,3916100,"S"
"MWG","14:01:28",42.35,-0.35,1000,3915900,"S"
"MWG","14:01:27",42.35,-0.35,300,3914900,"S"
"MWG","14:01:26",42.3,-0.4,2000,3914600,"B"
"MWG","14:01:26",42.35,-0.35,2000,3912600,"S"
"MWG","14:01:04",42.35,-0.35,1300,3910600,"S"
"MWG","14:01:01",42.3,-0.4,3200,3909300,"B"
"MWG","14:01:01",42.35,-0.35,4800,3906100,"B"
"MWG","14:00:50",42.4,-0.3,100,3901300,"S"
"MWG","14:00:32",42.35,-0.35,8600,3901200,"S"
"MWG","14:00:25",42.35,-0.35,5000,3892600,"S"
"MWG","14:00:23",42.35,-0.35,100,3887600,"S"
"MWG","14:00:20",42.35,-0.35,500,3887500,"S"
"MWG","14:00:02",42.35,-0.35,500,3887000,"S"
"MWG","14:00:01",42.35,-0.35,200,3886500,"S"
"MWG","13:59:51",42.3,-0.4,2000,3886300,"B"
"MWG","13:59:47",42.3,-0.4,500,3884300,"B"
"MWG","13:59:44",42.3,-0.4,1600,3883800,"B"
"MWG","13:59:37",42.35,-0.35,200,3882200,"S"
"MWG","13:59:32",42.35,-0.35,1000,3882000,"S"
"MWG","13:59:31",42.3,-0.4,1100,3881000,"B"
"MWG","13:59:29",42.3,-0.4,2000,3879900,"B"
"MWG","13:59:25",42.3,-0.4,10000,3877900,"B"
"MWG","13:59:24",42.35,-0.35,2400,3867900,"S"
"MWG","13:59:04",42.35,-0.35,100,3865500,"S"
"MWG","13:59:03",42.35,-0.35,500,3865400,"S"
"MWG","13:58:59",42.3,-0.4,7200,3864900,"B"
"MWG","13:58:58",42.3,-0.4,700,3857700,"B"
"MWG","13:58:58",42.35,-0.35,100,3857000,"S"
"MWG","13:58:54",42.35,-0.35,900,3856900,"S"
"MWG","13:58:54",42.3,-0.4,2000,3856000,"B"
"MWG","13:58:53",42.35,-0.35,1600,3854000,"S"
"MWG","13:58:49",42.35,-0.35,1000,3852400,"S"
"MWG","13:58:40",42.35,-0.35,100,3851400,"S"
"MWG","13:58:33",42.35,-0.35,100,3851300,"S"
"MWG","13:58:32",42.35,-0.35,1000,3851200,"S"
"MWG","13:58:31",42.35,-0.35,500,3850200,"S"
"MWG","13:58:29",42.35,-0.35,100,3849700,"S"
"MWG","13:58:26",42.35,-0.35,400,3849600,"S"
"MWG","13:58:25",42.35,-0.35,9800,3849200,"S"
"MWG","13:58:09",42.35,-0.35,1000,3839400,"S"
"MWG","13:58:02",42.35,-0.35,300,3838400,"S"
"MWG","13:57:50",42.35,-0.35,100,3838100,"S"
"MWG","13:57:49",42.35,-0.35,200,3838000,"S"
"MWG","13:57:45",42.35,-0.35,100,3837800,"S"
"MWG","13:57:41",42.35,-0.35,9800,3837700,"S"
"MWG","13:57:36",42.35,-0.35,100,3827900,"S"
"MWG","13:57:35",42.35,-0.35,1500,3827800,"S"
"MWG","13:57:33",42.35,-0.35,100,3826300,"S"
"MWG","13:57:26",42.35,-0.35,7200,3826200,"B"
"MWG","13:57:22",42.35,-0.35,500,3819000,"B"
"MWG","13:57:13",42.35,-0.35,2000,3818500,"B"
"MWG","13:56:59",42.4,-0.3,2000,3816500,"S"
"MWG","13:56:55",42.4,-0.3,500,3814500,"S"
"MWG","13:56:50",42.35,-0.35,3600,3814000,"S"
"MWG","13:56:49",42.35,-0.35,2400,3810400,"S"
"MWG","13:56:47",42.35,-0.35,8300,3808000,"S"
"MWG","13:56:46",42.35,-0.35,1000,3799700,"S"
"MWG","13:56:40",42.35,-0.35,1000,3798700,"S"
"MWG","13:56:37",42.35,-0.35,500,3797700,"S"
"MWG","13:56:36",42.35,-0.35,3000,3797200,"S"
"MWG","13:56:34",42.35,-0.35,1100,3794200,"S"
"MWG","13:56:32",42.35,-0.35,2500,3793100,"S"
"MWG","13:56:13",42.35,-0.35,1000,3790600,"S"
"MWG","13:56:05",42.35,-0.35,1300,3789600,"S"
"MWG","13:55:52",42.35,-0.35,600,3788300,"S"
"MWG","13:55:45",42.35,-0.35,100,3787700,"S"
"MWG","13:55:40",42.35,-0.35,100,3787600,"S"
"MWG","13:55:33",42.35,-0.35,100,3787500,"S"
"MWG","13:55:33",42.35,-0.35,5000,3787400,"S"
"MWG","13:55:31",42.35,-0.35,100,3782400,"S"
"MWG","13:55:30",42.35,-0.35,1000,3782300,"S"
"MWG","13:55:27",42.35,-0.35,6000,3781300,"S"
"MWG","13:55:25",42.35,-0.35,1000,3775300,"S"
"MWG","13:55:23",42.35,-0.35,500,3774300,"S"
"MWG","13:55:16",42.35,-0.35,3000,3773800,"S"
"MWG","13:55:14",42.35,-0.35,700,3770800,"S"
"MWG","13:55:13",42.35,-0.35,200,3770100,"S"
"MWG","13:55:02",42.35,-0.35,200,3769900,"S"
"MWG","13:55:02",42.35,-0.35,1000,3769700,"S"
"MWG","13:55:01",42.35,-0.35,2700,3768700,"S"
"MWG","13:54:56",42.35,-0.35,200,3766000,"S"
"MWG","13:54:53",42.35,-0.35,200,3765800,"S"
"MWG","13:54:49",42.35,-0.35,100,3765600,"S"
"MWG","13:54:48",42.35,-0.35,200,3765500,"S"
"MWG","13:54:48",42.35,-0.35,1000,3765300,"S"
"MWG","13:54:45",42.35,-0.35,1500,3764300,"S"
"MWG","13:54:41",42.35,-0.35,10100,3762800,"S"
"MWG","13:54:39",42.35,-0.35,10000,3752700,"S"
"MWG","13:54:38",42.35,-0.35,900,3742700,"S"
"MWG","13:54:35",42.35,-0.35,2000,3741800,"S"
"MWG","13:54:34",42.35,-0.35,9600,3739800,"S"
"MWG","13:54:32",42.35,-0.35,500,3730200,"S"
"MWG","13:54:31",42.35,-0.35,10000,3729700,"S"
"MWG","13:54:27",42.35,-0.35,300,3719700,"S"
"MWG","13:54:20",42.35,-0.35,6000,3719400,"S"
"MWG","13:54:15",42.35,-0.35,5000,3713400,"S"
"MWG","13:54:14",42.35,-0.35,1000,3708400,"S"
"MWG","13:54:08",42.3,-0.4,200,3707400,"B"
"MWG","13:54:06",42.35,-0.35,100,3707200,"S"
"MWG","13:53:58",42.35,-0.35,1000,3707100,"S"
"MWG","13:53:54",42.35,-0.35,1000,3706100,"S"
"MWG","13:53:53",42.35,-0.35,200,3705100,"S"
"MWG","13:53:52",42.35,-0.35,5000,3704900,"S"
"MWG","13:53:25",42.35,-0.35,500,3699900,"S"
"MWG","13:53:25",42.3,-0.4,500,3699400,"B"
"MWG","13:52:53",42.3,-0.4,2000,3698900,"B"
"MWG","13:52:53",42.35,-0.35,200,3696900,"S"
"MWG","13:52:46",42.35,-0.35,2000,3696700,"S"
"MWG","13:52:43",42.35,-0.35,100,3694700,"S"
"MWG","13:52:43",42.35,-0.35,1000,3694600,"S"
"MWG","13:52:37",42.35,-0.35,12100,3693600,"B"
"MWG","13:52:36",42.35,-0.35,2200,3681500,"B"
"MWG","13:52:28",42.35,-0.35,400,3679300,"B"
"MWG","13:52:25",42.35,-0.35,500,3678900,"B"
"MWG","13:52:11",42.35,-0.35,500,3678400,"B"
"MWG","13:52:05",42.4,-0.3,1100,3677900,"S"
"MWG","13:52:00",42.35,-0.35,30000,3676800,"B"
"MWG","13:51:52",42.4,-0.3,2300,3646800,"S"
"MWG","13:51:49",42.35,-0.35,500,3644500,"B"
"MWG","13:51:47",42.4,-0.3,100,3644000,"S"
"MWG","13:51:47",42.35,-0.35,500,3643900,"B"
"MWG","13:51:33",42.35,-0.35,2000,3643400,"B"
"MWG","13:51:27",42.35,-0.35,500,3641400,"B"
"MWG","13:51:23",42.35,-0.35,15800,3640900,"B"
"MWG","13:51:20",42.4,-0.3,300,3625100,"S"
"MWG","13:51:06",42.4,-0.3,200,3624800,"S"
"MWG","13:51:05",42.35,-0.35,2000,3624600,"B"
"MWG","13:50:37",42.4,-0.3,300,3622600,"S"
"MWG","13:50:31",42.35,-0.35,1200,3622300,"B"
"MWG","13:50:28",42.35,-0.35,400,3621100,"B"
"MWG","13:50:17",42.35,-0.35,200,3620700,"B"
"MWG","13:50:05",42.35,-0.35,5100,3620500,"S"
"MWG","13:50:04",42.35,-0.35,300,3615400,"S"
"MWG","13:49:52",42.35,-0.35,1600,3615100,"B"
"MWG","13:49:51",42.4,-0.3,1000,3613500,"S"
"MWG","13:49:39",42.4,-0.3,6000,3612500,"S"
"MWG","13:49:39",42.35,-0.35,800,3606500,"S"
"MWG","13:49:38",42.35,-0.35,1500,3605700,"B"
"MWG","13:49:29",42.35,-0.35,500,3604200,"B"
"MWG","13:49:23",42.35,-0.35,300,3603700,"B"
"MWG","13:49:14",42.35,-0.35,2200,3603400,"S"
"MWG","13:49:07",42.3,-0.4,1900,3601200,"B"
"MWG","13:49:04",42.35,-0.35,100,3599300,"S"
"MWG","13:48:56",42.35,-0.35,2000,3599200,"S"
"MWG","13:48:54",42.35,-0.35,5700,3597200,"B"
"MWG","13:48:46",42.4,-0.3,200,3591500,"S"
"MWG","13:48:45",42.4,-0.3,900,3591300,"S"
"MWG","13:48:40",42.35,-0.35,6400,3590400,"B"
"MWG","13:48:37",42.35,-0.35,7000,3584000,"B"
"MWG","13:48:35",42.35,-0.35,10000,3577000,"B"
"MWG","13:48:30",42.35,-0.35,500,3567000,"B"
"MWG","13:48:18",42.35,-0.35,5700,3566500,"B"
"MWG","13:48:11",42.4,-0.3,100,3560800,"S"
"MWG","13:48:01",42.4,-0.3,3000,3560700,"S"
"MWG","13:47:55",42.35,-0.35,1900,3557700,"B"
"MWG","13:47:55",42.35,-0.35,1900,3555800,"B"
"MWG","13:47:53",42.4,-0.3,2000,3553900,"S"
"MWG","13:47:49",42.4,-0.3,1000,3551900,"S"
"MWG","13:47:43",42.4,-0.3,800,3550900,"S"
"MWG","13:47:42",42.4,-0.3,100,3550100,"S"
"MWG","13:47:36",42.4,-0.3,1000,3550000,"S"
"MWG","13:47:32",42.35,-0.35,500,3549000,"B"
"MWG","13:47:31",42.35,-0.35,500,3548500,"B"
"MWG","13:47:31",42.35,-0.35,1100,3548000,"B"
"MWG","13:46:37",42.35,-0.35,2100,3546900,"S"
"MWG","13:46:37",42.35,-0.35,100,3544800,"S"
"MWG","13:46:36",42.35,-0.35,100,3544700,"S"
"MWG","13:46:35",42.35,-0.35,600,3544600,"S"
"MWG","13:46:34",42.35,-0.35,100,3544000,"S"
"MWG","13:46:34",42.35,-0.35,8000,3543900,"S"
"MWG","13:46:33",42.35,-0.35,2200,3535900,"S"
"MWG","13:46:31",42.35,-0.35,35500,3533700,"S"
"MWG","13:46:29",42.3,-0.4,2000,3498200,"B"
"MWG","13:46:28",42.35,-0.35,3900,3496200,"S"
"MWG","13:46:27",42.35,-0.35,100,3492300,"S"
"MWG","13:46:26",42.35,-0.35,100,3492200,"S"
"MWG","13:46:25",42.35,-0.35,1000,3492100,"S"
"MWG","13:46:24",42.35,-0.35,100,3491100,"S"
"MWG","13:46:23",42.35,-0.35,10000,3491000,"S"
"MWG","13:46:23",42.35,-0.35,1800,3481000,"S"
"MWG","13:46:22",42.35,-0.35,100,3479200,"S"
"MWG","13:46:20",42.35,-0.35,100,3479100,"S"
"MWG","13:46:18",42.35,-0.35,200,3479000,"S"
"MWG","13:46:17",42.35,-0.35,100,3478800,"S"
"MWG","13:46:12",42.35,-0.35,5000,3478700,"S"
"MWG","13:46:04",42.35,-0.35,200,3473700,"S"
"MWG","13:46:03",42.35,-0.35,500,3473500,"S"
"MWG","13:45:58",42.35,-0.35,100,3473000,"S"
"MWG","13:45:56",42.35,-0.35,4000,3472900,"S"
"MWG","13:45:45",42.35,-0.35,200,3468900,"S"
"MWG","13:45:33",42.3,-0.4,2000,3468700,"B"
"MWG","13:45:25",42.35,-0.35,600,3466700,"S"
"MWG","13:45:24",42.35,-0.35,1500,3466100,"S"
"MWG","13:45:23",42.35,-0.35,100,3464600,"S"
"MWG","13:45:21",42.3,-0.4,2000,3464500,"B"
"MWG","13:45:21",42.35,-0.35,1100,3462500,"S"
"MWG","13:45:16",42.35,-0.35,3000,3461400,"S"
"MWG","13:45:15",42.35,-0.35,500,3458400,"S"
"MWG","13:45:13",42.35,-0.35,100,3457900,"S"
"MWG","13:45:13",42.35,-0.35,500,3457800,"S"
"MWG","13:45:05",42.35,-0.35,3900,3457300,"S"
"MWG","13:45:02",42.35,-0.35,100,3453400,"S"
"MWG","13:44:51",42.35,-0.35,700,3453300,"S"
"MWG","13:44:37",42.35,-0.35,500,3452600,"S"
"MWG","13:44:24",42.35,-0.35,200,3452100,"S"
"MWG","13:44:23",42.35,-0.35,3000,3451900,"S"
"MWG","13:44:14",42.35,-0.35,300,3448900,"S"
"MWG","13:44:12",42.35,-0.35,100,3448600,"S"
"MWG","13:44:08",42.35,-0.35,200,3448500,"S"
"MWG","13:44:08",42.3,-0.4,1000,3448300,"B"
"MWG","13:43:59",42.3,-0.4,1100,3447300,"B"
"MWG","13:43:58",42.3,-0.4,2000,3446200,"B"
"MWG","13:43:56",42.35,-0.35,100,3444200,"S"
"MWG","13:43:55",42.35,-0.35,100,3444100,"S"
"MWG","13:43:45",42.3,-0.4,2000,3444000,"B"
"MWG","13:43:35",42.3,-0.4,400,3442000,"B"
"MWG","13:43:17",42.3,-0.4,2000,3441600,"B"
"MWG","13:43:14",42.35,-0.35,100,3439600,"S"
"MWG","13:43:11",42.35,-0.35,17000,3439500,"B"
"MWG","13:43:07",42.4,-0.3,1000,3422500,"S"
"MWG","13:43:04",42.4,-0.3,500,3421500,"S"
"MWG","13:43:01",42.35,-0.35,30000,3421000,"B"
"MWG","13:43:00",42.4,-0.3,200,3391000,"S"
"MWG","13:42:53",42.35,-0.35,1800,3390800,"B"
"MWG","13:42:53",42.35,-0.35,28200,3389000,"B"
"MWG","13:42:51",42.4,-0.3,100,3360800,"S"
"MWG","13:42:47",42.4,-0.3,3000,3360700,"S"
"MWG","13:42:47",42.35,-0.35,100,3357700,"B"
"MWG","13:42:47",42.4,-0.3,6200,3357600,"S"
"MWG","13:42:46",42.4,-0.3,2000,3351400,"S"
"MWG","13:42:45",42.4,-0.3,10000,3349400,"S"
"MWG","13:42:43",42.4,-0.3,600,3339400,"S"
"MWG","13:42:41",42.4,-0.3,500,3338800,"S"
"MWG","13:42:37",42.4,-0.3,400,3338300,"S"
"MWG","13:42:36",42.4,-0.3,100,3337900,"S"
"MWG","13:42:33",42.4,-0.3,100,3337800,"S"
"MWG","13:42:29",42.4,-0.3,400,3337700,"S"
"MWG","13:42:24",42.4,-0.3,100,3337300,"S"
"MWG","13:42:15",42.4,-0.3,100,3337200,"S"
"MWG","13:42:13",42.4,-0.3,10000,3337100,"S"
"MWG","13:42:11",42.4,-0.3,100,3327100,"S"
"MWG","13:42:08",42.35,-0.35,2000,3327000,"B"
"MWG","13:41:40",42.35,-0.35,2000,3325000,"B"
"MWG","13:41:37",42.35,-0.35,500,3323000,"B"
"MWG","13:41:33",42.35,-0.35,17500,3322500,"B"
"MWG","13:41:32",42.4,-0.3,1000,3305000,"S"
"MWG","13:41:32",42.35,-0.35,1100,3304000,"B"
"MWG","13:41:19",42.35,-0.35,2000,3302900,"B"
"MWG","13:41:18",42.4,-0.3,5700,3300900,"S"
"MWG","13:41:05",42.35,-0.35,200,3295200,"B"
"MWG","13:40:52",42.4,-0.3,1100,3295000,"S"
"MWG","13:40:39",42.4,-0.3,10000,3293900,"S"
"MWG","13:40:39",42.35,-0.35,400,3283900,"B"
"MWG","13:40:17",42.4,-0.3,100,3283500,"S"
"MWG","13:40:12",42.35,-0.35,1000,3283400,"B"
"MWG","13:39:56",42.35,-0.35,2000,3282400,"B"
"MWG","13:39:54",42.35,-0.35,100,3280400,"B"
"MWG","13:39:50",42.35,-0.35,8000,3280300,"B"
"MWG","13:39:45",42.35,-0.35,1000,3272300,"B"
"MWG","13:39:42",42.4,-0.3,200,3271300,"S"
"MWG","13:39:37",42.35,-0.35,400,3271100,"B"
"MWG","13:39:23",42.35,-0.35,100,3270700,"B"
"MWG","13:39:09",42.35,-0.35,100,3270600,"B"
"MWG","13:38:37",42.4,-0.3,1000,3270500,"S"
"MWG","13:38:35",42.4,-0.3,100,3269500,"S"
"MWG","13:38:34",42.35,-0.35,700,3269400,"B"
"MWG","13:38:31",42.35,-0.35,1200,3268700,"B"
"MWG","13:38:25",42.35,-0.35,100,3267500,"B"
"MWG","13:38:12",42.4,-0.3,200,3267400,"S"
"MWG","13:38:10",42.35,-0.35,40000,3267200,"B"
"MWG","13:38:03",42.4,-0.3,100,3227200,"S"
"MWG","13:38:02",42.4,-0.3,100,3227100,"S"
"MWG","13:37:57",42.4,-0.3,600,3227000,"B"
"MWG","13:37:52",42.4,-0.3,5000,3226400,"B"
"MWG","13:37:40",42.4,-0.3,500,3221400,"B"
"MWG","13:37:24",42.4,-0.3,500,3220900,"B"
"MWG","13:37:12",42.4,-0.3,6300,3220400,"S"
"MWG","13:37:11",42.4,-0.3,2000,3214100,"S"
"MWG","13:37:11",42.35,-0.35,100,3212100,"B"
"MWG","13:37:09",42.4,-0.3,800,3212000,"S"
"MWG","13:37:09",42.4,-0.3,10000,3211200,"S"
"MWG","13:37:04",42.4,-0.3,500,3201200,"S"
"MWG","13:36:54",42.4,-0.3,10000,3200700,"S"
"MWG","13:36:48",42.4,-0.3,500,3190700,"S"
"MWG","13:36:41",42.4,-0.3,200,3190200,"S"
"MWG","13:36:31",42.4,-0.3,200,3190000,"S"
"MWG","13:36:25",42.4,-0.3,800,3189800,"S"
"MWG","13:36:23",42.4,-0.3,1000,3189000,"S"
"MWG","13:35:58",42.4,-0.3,300,3188000,"S"
"MWG","13:35:50",42.4,-0.3,1000,3187700,"S"
"MWG","13:35:50",42.4,-0.3,200,3186700,"S"
"MWG","13:35:32",42.4,-0.3,2700,3186500,"S"
"MWG","13:35:30",42.4,-0.3,200,3183800,"S"
"MWG","13:35:29",42.4,-0.3,900,3183600,"B"
"MWG","13:35:26",42.4,-0.3,100,3182700,"S"
"MWG","13:35:18",42.35,-0.35,400,3182600,"B"
"MWG","13:35:18",42.4,-0.3,4400,3182200,"B"
"MWG","13:35:07",42.4,-0.3,1500,3177800,"B"
"MWG","13:34:54",42.4,-0.3,1000,3176300,"B"
"MWG","13:34:52",42.4,-0.3,1000,3175300,"B"
"MWG","13:34:44",42.4,-0.3,500,3174300,"B"
"MWG","13:34:22",42.4,-0.3,500,3173800,"B"
"MWG","13:34:10",42.4,-0.3,100,3173300,"B"
"MWG","13:34:08",42.45,-0.25,1100,3173200,"S"
"MWG","13:34:04",42.4,-0.3,28500,3172100,"B"
"MWG","13:33:48",42.45,-0.25,300,3143600,"S"
"MWG","13:33:40",42.45,-0.25,500,3143300,"S"
"MWG","13:33:37",42.45,-0.25,100,3142800,"S"
"MWG","13:33:36",42.45,-0.25,700,3142700,"S"
"MWG","13:33:23",42.45,-0.25,100,3142000,"B"
"MWG","13:33:21",42.4,-0.3,500,3141900,"B"
"MWG","13:33:19",42.4,-0.3,5000,3141400,"B"
"MWG","13:33:15",42.4,-0.3,37100,3136400,"B"
"MWG","13:33:07",42.4,-0.3,500,3099300,"B"
"MWG","13:33:06",42.45,-0.25,100,3098800,"S"
"MWG","13:33:03",42.45,-0.25,500,3098700,"S"
"MWG","13:32:59",42.45,-0.25,1000,3098200,"S"
"MWG","13:32:49",42.45,-0.25,100,3097200,"S"
"MWG","13:32:48",42.45,-0.25,200,3097100,"S"
"MWG","13:32:47",42.45,-0.25,11000,3096900,"B"
"MWG","13:32:42",42.5,-0.2,100,3085900,"S"
"MWG","13:32:32",42.45,-0.25,400,3085800,"B"
"MWG","13:32:31",42.45,-0.25,1100,3085400,"B"
"MWG","13:32:04",42.45,-0.25,5000,3084300,"B"
"MWG","13:32:01",42.45,-0.25,100,3079300,"B"
"MWG","13:31:54",42.5,-0.2,1000,3079200,"S"
"MWG","13:31:53",42.5,-0.2,500,3078200,"S"
"MWG","13:31:49",42.45,-0.25,100,3077700,"B"
"MWG","13:31:47",42.45,-0.25,3000,3077600,"B"
"MWG","13:31:46",42.45,-0.25,800,3074600,"B"
"MWG","13:31:42",42.45,-0.25,500,3073800,"S"
"MWG","13:31:40",42.45,-0.25,500,3073300,"S"
"MWG","13:31:31",42.45,-0.25,10000,3072800,"S"
"MWG","13:31:13",42.4,-0.3,500,3062700,"B"
"MWG","13:31:12",42.4,-0.3,5000,3062200,"B"
"MWG","13:31:05",42.4,-0.3,2000,3057200,"B"
"MWG","13:31:00",42.4,-0.3,5000,3055200,"B"
"MWG","13:30:58",42.4,-0.3,400,3050200,"B"
"MWG","13:30:49",42.4,-0.3,2000,3049800,"B"
"MWG","13:30:48",42.45,-0.25,800,3047800,"S"
"MWG","13:30:44",42.45,-0.25,800,3047000,"S"
"MWG","13:30:39",42.45,-0.25,200,3046200,"S"
"MWG","13:30:27",42.5,-0.2,2000,3046000,"S"
"MWG","13:30:17",42.4,-0.3,16600,3044000,"B"
"MWG","13:30:17",42.45,-0.25,2400,3027400,"B"
"MWG","13:30:12",42.45,-0.25,600,3025000,"S"
"MWG","13:30:09",42.45,-0.25,200,3024400,"S"
"MWG","13:30:07",42.45,-0.25,3000,3024200,"S"
"MWG","13:30:06",42.45,-0.25,5000,3021200,"S"
"MWG","13:30:04",42.45,-0.25,100,3016200,"S"
"MWG","13:30:00",42.45,-0.25,500,3016100,"S"
"MWG","13:29:57",42.45,-0.25,5000,3015600,"S"
"MWG","13:29:49",42.45,-0.25,1000,3010600,"S"
"MWG","13:29:48",42.45,-0.25,1000,3009600,"S"
"MWG","13:29:40",42.4,-0.3,100,3008600,"B"
"MWG","13:29:39",42.45,-0.25,1100,3008500,"S"
"MWG","13:29:38",42.45,-0.25,100,3007400,"S"
"MWG","13:29:26",42.45,-0.25,400,3007300,"S"
"MWG","13:28:45",42.45,-0.25,1200,3006900,"S"
"MWG","13:28:45",42.4,-0.3,28600,3005700,"S"
"MWG","13:28:44",42.35,-0.35,2000,2977100,"B"
"MWG","13:28:25",42.35,-0.35,600,2975100,"B"
"MWG","13:28:16",42.35,-0.35,5000,2974500,"B"
"MWG","13:28:09",42.4,-0.3,500,2969500,"S"
"MWG","13:28:07",42.35,-0.35,100,2969000,"B"
"MWG","13:28:04",42.4,-0.3,200,2968900,"S"
"MWG","13:28:04",42.35,-0.35,100,2968700,"B"
"MWG","13:27:59",42.4,-0.3,700,2968600,"S"
"MWG","13:27:58",42.4,-0.3,1000,2967900,"S"
"MWG","13:27:46",42.4,-0.3,300,2966900,"S"
"MWG","13:27:42",42.35,-0.35,100,2966600,"B"
"MWG","13:27:38",42.4,-0.3,200,2966500,"S"
"MWG","13:27:35",42.35,-0.35,200,2966300,"B"
"MWG","13:27:29",42.35,-0.35,500,2966100,"B"
"MWG","13:27:24",42.4,-0.3,900,2965600,"S"
"MWG","13:27:24",42.35,-0.35,100,2964700,"S"
"MWG","13:27:08",42.3,-0.4,4100,2964600,"B"
"MWG","13:27:08",42.35,-0.35,1700,2960500,"B"
"MWG","13:27:07",42.35,-0.35,1200,2958800,"S"
"MWG","13:27:05",42.35,-0.35,2500,2957600,"S"
"MWG","13:27:00",42.35,-0.35,1000,2955100,"S"
"MWG","13:26:58",42.35,-0.35,4200,2954100,"B"
"MWG","13:26:33",42.35,-0.35,3000,2949900,"B"
"MWG","13:26:32",42.35,-0.35,1200,2946900,"B"
"MWG","13:26:23",42.35,-0.35,1300,2945700,"B"
"MWG","13:26:21",42.4,-0.3,100,2944400,"S"
"MWG","13:26:04",42.35,-0.35,1100,2944300,"S"
"MWG","13:26:04",42.35,-0.35,11000,2943200,"S"
"MWG","13:26:03",42.35,-0.35,1000,2932200,"S"
"MWG","13:25:59",42.35,-0.35,5200,2931200,"S"
"MWG","13:25:58",42.3,-0.4,2000,2926000,"B"
"MWG","13:25:51",42.35,-0.35,3000,2924000,"S"
"MWG","13:25:46",42.35,-0.35,100,2921000,"S"
"MWG","13:25:38",42.35,-0.35,100,2920900,"S"
"MWG","13:25:35",42.35,-0.35,200,2920800,"S"
"MWG","13:25:30",42.35,-0.35,300,2920600,"S"
"MWG","13:25:27",42.35,-0.35,1200,2920300,"S"
"MWG","13:25:11",42.35,-0.35,900,2919100,"S"
"MWG","13:25:10",42.35,-0.35,1000,2918200,"S"
"MWG","13:24:57",42.3,-0.4,3200,2917200,"B"
"MWG","13:24:56",42.3,-0.4,2000,2914000,"B"
"MWG","13:24:49",42.3,-0.4,100,2912000,"B"
"MWG","13:24:47",42.3,-0.4,400,2911900,"B"
"MWG","13:24:46",42.3,-0.4,1000,2911500,"B"
"MWG","13:24:42",42.3,-0.4,2000,2910500,"B"
"MWG","13:24:39",42.3,-0.4,100,2908500,"B"
"MWG","13:24:37",42.35,-0.35,100,2908400,"S"
"MWG","13:24:27",42.25,-0.45,700,2908300,"B"
"MWG","13:24:27",42.3,-0.4,4000,2907600,"B"
"MWG","13:24:17",42.3,-0.4,600,2903600,"B"
"MWG","13:24:16",42.3,-0.4,5000,2903000,"B"
"MWG","13:24:09",42.3,-0.4,800,2898000,"B"
"MWG","13:24:06",42.3,-0.4,500,2897200,"B"
"MWG","13:24:02",42.3,-0.4,9100,2896700,"B"
"MWG","13:24:00",42.3,-0.4,100,2887600,"B"
"MWG","13:23:44",42.3,-0.4,2500,2887500,"B"
"MWG","13:23:42",42.3,-0.4,2000,2885000,"B"
"MWG","13:23:40",42.3,-0.4,500,2883000,"B"
"MWG","13:23:38",42.3,-0.4,3000,2882500,"B"
"MWG","13:23:37",42.3,-0.4,500,2879500,"B"
"MWG","13:23:35",42.3,-0.4,5000,2879000,"B"
"MWG","13:23:34",42.35,-0.35,3000,2874000,"S"
"MWG","13:23:33",42.3,-0.4,100,2871000,"B"
"MWG","13:23:32",42.3,-0.4,1100,2870900,"B"
"MWG","13:23:26",42.3,-0.4,500,2869800,"B"
"MWG","13:23:22",42.3,-0.4,1900,2869300,"B"
"MWG","13:23:19",42.3,-0.4,13000,2867400,"B"
"MWG","13:23:19",42.3,-0.4,1000,2854400,"B"
"MWG","13:23:14",42.3,-0.4,300,2853400,"B"
"MWG","13:23:09",42.3,-0.4,3100,2852600,"B"
"MWG","13:23:08",42.3,-0.4,1000,2849500,"B"
"MWG","13:23:01",42.35,-0.35,200,2848500,"S"
"MWG","13:22:55",42.35,-0.35,1100,2848300,"S"
"MWG","13:22:52",42.3,-0.4,100,2847200,"B"
"MWG","13:22:47",42.3,-0.4,500,2847100,"B"
"MWG","13:22:34",42.35,-0.35,10000,2846600,"S"
"MWG","13:22:24",42.35,-0.35,100,2836600,"S"
"MWG","13:22:17",42.3,-0.4,200,2836500,"B"
"MWG","13:22:15",42.35,-0.35,6000,2836300,"S"
"MWG","13:22:10",42.3,-0.4,10000,2830300,"B"
"MWG","13:22:09",42.35,-0.35,100,2820300,"S"
"MWG","13:22:03",42.3,-0.4,2000,2820200,"B"
"MWG","13:22:02",42.35,-0.35,100,2818200,"S"
"MWG","13:21:55",42.35,-0.35,1000,2818100,"S"
"MWG","13:21:49",42.35,-0.35,500,2817100,"S"
"MWG","13:21:46",42.3,-0.4,100,2816600,"B"
"MWG","13:21:43",42.35,-0.35,5000,2816500,"S"
"MWG","13:21:40",42.3,-0.4,15000,2811500,"B"
"MWG","13:21:36",42.35,-0.35,200,2796500,"S"
"MWG","13:21:18",42.35,-0.35,1600,2796300,"B"
"MWG","13:21:14",42.35,-0.35,1400,2794700,"S"
"MWG","13:21:11",42.35,-0.35,8600,2793300,"B"
"MWG","13:21:02",42.35,-0.35,3000,2784700,"B"
"MWG","13:21:01",42.35,-0.35,100,2781700,"B"
"MWG","13:21:00",42.35,-0.35,600,2781600,"B"
"MWG","13:20:58",42.35,-0.35,7500,2781000,"B"
"MWG","13:20:53",42.4,-0.3,300,2773500,"S"
"MWG","13:20:45",42.35,-0.35,10000,2773200,"B"
"MWG","13:20:42",42.4,-0.3,200,2763200,"S"
"MWG","13:20:41",42.4,-0.3,1000,2763000,"S"
"MWG","13:20:40",42.35,-0.35,2500,2762000,"B"
"MWG","13:20:35",42.35,-0.35,1000,2759500,"B"
"MWG","13:20:32",42.35,-0.35,1100,2758500,"B"
"MWG","13:20:15",42.35,-0.35,7900,2757400,"B"
"MWG","13:20:10",42.35,-0.35,1000,2749500,"B"
"MWG","13:20:02",42.35,-0.35,300,2748500,"B"
"MWG","13:20:01",42.35,-0.35,7900,2748200,"B"
"MWG","13:19:50",42.35,-0.35,7900,2740300,"B"
"MWG","13:19:45",42.35,-0.35,2800,2732400,"B"
"MWG","13:19:32",42.4,-0.3,1000,2729600,"B"
"MWG","13:19:22",42.35,-0.35,6300,2728600,"B"
"MWG","13:19:22",42.4,-0.3,13700,2722300,"B"
"MWG","13:19:14",42.4,-0.3,500,2708600,"B"
"MWG","13:19:12",42.45,-0.25,3000,2708100,"S"
"MWG","13:19:00",42.4,-0.3,26000,2705100,"B"
"MWG","13:18:58",42.45,-0.25,2000,2679100,"B"
"MWG","13:18:52",42.45,-0.25,5200,2677100,"B"
"MWG","13:18:51",42.45,-0.25,900,2671900,"B"
"MWG","13:18:51",42.45,-0.25,5700,2671000,"B"
"MWG","13:18:49",42.45,-0.25,3800,2665300,"B"
"MWG","13:18:48",42.45,-0.25,4000,2661500,"B"
"MWG","13:18:44",42.45,-0.25,400,2657500,"B"
"MWG","13:18:35",42.5,-0.2,200,2657100,"S"
"MWG","13:18:26",42.5,-0.2,1100,2656900,"S"
"MWG","13:18:25",42.45,-0.25,1000,2655800,"B"
"MWG","13:18:24",42.45,-0.25,5000,2654800,"B"
"MWG","13:18:12",42.45,-0.25,1900,2649800,"B"
"MWG","13:17:56",42.5,-0.2,200,2647900,"S"
"MWG","13:17:51",42.45,-0.25,900,2647700,"B"
"MWG","13:17:43",42.45,-0.25,2200,2646800,"B"
"MWG","13:17:42",42.45,-0.25,2800,2644600,"B"
"MWG","13:17:39",42.5,-0.2,200,2641800,"S"
"MWG","13:16:56",42.5,-0.2,1000,2641600,"S"
"MWG","13:16:52",42.5,-0.2,500,2640600,"S"
"MWG","13:16:49",42.5,-0.2,5000,2640100,"S"
"MWG","13:16:45",42.5,-0.2,700,2635100,"S"
"MWG","13:16:44",42.45,-0.25,100,2634400,"B"
"MWG","13:16:27",42.5,-0.2,500,2634300,"S"
"MWG","13:16:11",42.5,-0.2,1000,2633800,"S"
"MWG","13:16:07",42.5,-0.2,500,2632800,"S"
"MWG","13:15:58",42.5,-0.2,500,2632300,"S"
"MWG","13:15:45",42.5,-0.2,500,2631800,"S"
"MWG","13:15:45",42.5,-0.2,2000,2631300,"S"
"MWG","13:15:34",42.5,-0.2,100,2629300,"S"
"MWG","13:15:32",42.45,-0.25,100,2629200,"B"
"MWG","13:15:24",42.5,-0.2,500,2629100,"S"
"MWG","13:15:02",42.5,-0.2,500,2628600,"S"
"MWG","13:15:01",42.45,-0.25,400,2628100,"S"
"MWG","13:14:58",42.45,-0.25,100,2626100,"S"
"MWG","13:14:52",42.45,-0.25,200,2626000,"S"
"MWG","13:14:51",42.45,-0.25,4000,2625800,"S"
"MWG","13:14:40",42.45,-0.25,500,2621800,"S"
"MWG","13:14:34",42.45,-0.25,10000,2621300,"S"
"MWG","13:14:27",42.45,-0.25,5000,2611300,"S"
"MWG","13:14:21",42.45,-0.25,3000,2606300,"S"
"MWG","13:14:19",42.45,-0.25,500,2603300,"S"
"MWG","13:14:14",42.45,-0.25,200,2602800,"S"
"MWG","13:13:58",42.45,-0.25,500,2602600,"S"
"MWG","13:13:57",42.45,-0.25,1000,2602100,"S"
"MWG","13:13:47",42.4,-0.3,5000,2601100,"B"
"MWG","13:13:39",42.4,-0.3,3200,2596100,"B"
"MWG","13:13:37",42.45,-0.25,500,2592900,"S"
"MWG","13:13:36",42.45,-0.25,1000,2592400,"S"
"MWG","13:13:27",42.45,-0.25,400,2591400,"S"
"MWG","13:13:15",42.45,-0.25,600,2591000,"S"
"MWG","13:13:10",42.45,-0.25,1400,2590400,"S"
"MWG","13:13:07",42.45,-0.25,2400,2589000,"S"
"MWG","13:12:56",42.45,-0.25,1000,2586600,"S"
"MWG","13:12:55",42.45,-0.25,100,2585600,"S"
"MWG","13:12:53",42.45,-0.25,500,2585500,"S"
"MWG","13:12:46",42.45,-0.25,200,2585000,"S"
"MWG","13:12:33",42.45,-0.25,700,2584800,"S"
"MWG","13:12:31",42.45,-0.25,100,2584100,"S"
"MWG","13:12:29",42.45,-0.25,100,2584000,"S"
"MWG","13:12:25",42.45,-0.25,100,2583900,"S"
"MWG","13:12:24",42.45,-0.25,100,2583800,"S"
"MWG","13:12:23",42.45,-0.25,1600,2583700,"S"
"MWG","13:12:20",42.45,-0.25,800,2582100,"S"
"MWG","13:12:20",42.4,-0.3,4000,2581300,"B"
"MWG","13:12:17",42.45,-0.25,1000,2577300,"S"
"MWG","13:12:15",42.45,-0.25,1000,2576300,"S"
"MWG","13:12:13",42.45,-0.25,10000,2575300,"S"
"MWG","13:12:13",42.45,-0.25,500,2565300,"S"
"MWG","13:12:11",42.45,-0.25,100,2564800,"S"
"MWG","13:12:09",42.45,-0.25,500,2564700,"S"
"MWG","13:12:03",42.45,-0.25,300,2564200,"S"
"MWG","13:12:02",42.45,-0.25,100,2563900,"S"
"MWG","13:11:58",42.45,-0.25,1100,2563800,"S"
"MWG","13:11:58",42.45,-0.25,300,2562700,"S"
"MWG","13:11:55",42.45,-0.25,500,2562400,"S"
"MWG","13:11:51",42.45,-0.25,500,2561900,"S"
"MWG","13:11:50",42.45,-0.25,100,2561400,"S"
"MWG","13:11:49",42.45,-0.25,2000,2561300,"S"
"MWG","13:11:42",42.45,-0.25,1100,2559300,"S"
"MWG","13:11:42",42.45,-0.25,100,2558200,"S"
"MWG","13:11:40",42.45,-0.25,500,2558100,"S"
"MWG","13:11:37",42.45,-0.25,1000,2557600,"S"
"MWG","13:11:31",42.45,-0.25,100,2556600,"S"
"MWG","13:11:30",42.45,-0.25,500,2556500,"S"
"MWG","13:11:26",42.45,-0.25,500,2556000,"S"
"MWG","13:11:21",42.45,-0.25,3200,2555500,"B"
"MWG","13:11:20",42.45,-0.25,100,2552300,"B"
"MWG","13:11:17",42.45,-0.25,300,2552200,"B"
"MWG","13:11:16",42.45,-0.25,4700,2551900,"B"
"MWG","13:11:09",42.5,-0.2,500,2547200,"S"
"MWG","13:11:09",42.45,-0.25,7200,2546700,"B"
"MWG","13:10:53",42.45,-0.25,10000,2539500,"B"
"MWG","13:10:49",42.45,-0.25,10000,2529500,"B"
"MWG","13:10:48",42.5,-0.2,500,2519500,"S"
"MWG","13:10:47",42.5,-0.2,2000,2519000,"S"
"MWG","13:10:46",42.5,-0.2,300,2517000,"S"
"MWG","13:10:38",42.5,-0.2,1000,2516700,"S"
"MWG","13:10:35",42.45,-0.25,500,2515700,"B"
"MWG","13:10:35",42.5,-0.2,100,2515200,"S"
"MWG","13:10:27",42.5,-0.2,500,2515100,"S"
"MWG","13:10:22",42.45,-0.25,5000,2514600,"B"
"MWG","13:10:15",42.5,-0.2,1900,2509600,"S"
"MWG","13:10:06",42.5,-0.2,500,2507700,"S"
"MWG","13:09:56",42.5,-0.2,200,2507200,"S"
"MWG","13:09:52",42.5,-0.2,100,2507000,"S"
"MWG","13:09:45",42.5,-0.2,500,2506900,"S"
"MWG","13:09:39",42.5,-0.2,1800,2506400,"S"
"MWG","13:09:36",42.5,-0.2,7700,2504600,"S"
"MWG","13:09:32",42.5,-0.2,200,2496900,"S"
"MWG","13:09:27",42.5,-0.2,1000,2496700,"S"
"MWG","13:09:23",42.5,-0.2,500,2495700,"S"
"MWG","13:09:05",42.45,-0.25,400,2495200,"B"
"MWG","13:09:04",42.5,-0.2,500,2494800,"S"
"MWG","13:09:03",42.45,-0.25,100,2494300,"B"
"MWG","13:09:03",42.5,-0.2,500,2494200,"S"
"MWG","13:09:00",42.45,-0.25,100,2493700,"B"
"MWG","13:08:46",42.5,-0.2,4600,2493600,"S"
"MWG","13:08:44",42.5,-0.2,600,2489000,"S"
"MWG","13:08:42",42.5,-0.2,500,2488400,"S"
"MWG","13:08:31",42.5,-0.2,400,2487900,"S"
"MWG","13:08:29",42.5,-0.2,5000,2487500,"S"
"MWG","13:08:21",42.5,-0.2,500,2482500,"S"
"MWG","13:08:20",42.45,-0.25,9300,2482000,"S"
"MWG","13:08:19",42.45,-0.25,800,2472700,"S"
"MWG","13:08:17",42.45,-0.25,2000,2471900,"S"
"MWG","13:08:17",42.45,-0.25,5000,2469900,"S"
"MWG","13:08:14",42.45,-0.25,500,2464900,"S"
"MWG","13:08:04",42.45,-0.25,20000,2464400,"S"
"MWG","13:08:01",42.4,-0.3,100,2444400,"B"
"MWG","13:08:00",42.45,-0.25,500,2444300,"S"
"MWG","13:07:59",42.4,-0.3,42200,2443800,"S"
"MWG","13:07:56",42.4,-0.3,2000,2401600,"S"
"MWG","13:07:56",42.4,-0.3,100,2399600,"S"
"MWG","13:07:54",42.4,-0.3,10400,2399500,"S"
"MWG","13:07:45",42.4,-0.3,500,2389100,"S"
"MWG","13:07:43",42.4,-0.3,10000,2388600,"S"
"MWG","13:07:41",42.4,-0.3,300,2378600,"S"
"MWG","13:07:40",42.4,-0.3,200,2378300,"S"
"MWG","13:07:38",42.4,-0.3,500,2378100,"S"
"MWG","13:07:35",42.4,-0.3,500,2377600,"S"
"MWG","13:07:34",42.4,-0.3,300,2377100,"S"
"MWG","13:07:33",42.4,-0.3,500,2376800,"S"
"MWG","13:07:22",42.4,-0.3,10000,2376300,"S"
"MWG","13:07:17",42.4,-0.3,500,2366300,"S"
"MWG","13:07:15",42.4,-0.3,1000,2365800,"S"
"MWG","13:07:14",42.4,-0.3,200,2364800,"S"
"MWG","13:07:13",42.4,-0.3,1100,2364600,"S"
"MWG","13:07:09",42.4,-0.3,1000,2363500,"S"
"MWG","13:06:58",42.4,-0.3,300,2362500,"S"
"MWG","13:06:56",42.4,-0.3,500,2362200,"S"
"MWG","13:06:35",42.4,-0.3,500,2361700,"S"
"MWG","13:06:31",42.4,-0.3,100,2361200,"S"
"MWG","13:06:30",42.4,-0.3,100,2361100,"S"
"MWG","13:06:28",42.4,-0.3,400,2361000,"S"
"MWG","13:06:22",42.4,-0.3,1100,2360600,"S"
"MWG","13:06:21",42.4,-0.3,100,2359500,"S"
"MWG","13:06:14",42.4,-0.3,500,2359400,"S"
"MWG","13:06:04",42.4,-0.3,100,2358900,"S"
"MWG","13:05:49",42.35,-0.35,600,2358800,"B"
"MWG","13:05:45",42.35,-0.35,100,2358200,"B"
"MWG","13:05:32",42.4,-0.3,500,2358100,"S"
"MWG","13:05:30",42.4,-0.3,700,2357600,"S"
"MWG","13:05:29",42.4,-0.3,100,2356900,"S"
"MWG","13:05:26",42.4,-0.3,300,2356800,"S"
"MWG","13:05:24",42.4,-0.3,100,2356500,"S"
"MWG","13:05:16",42.4,-0.3,800,2356400,"S"
"MWG","13:05:13",42.4,-0.3,100,2355600,"S"
"MWG","13:05:01",42.4,-0.3,2500,2355500,"S"
"MWG","13:04:58",42.4,-0.3,1000,2353000,"S"
"MWG","13:04:57",42.4,-0.3,5400,2352000,"B"
"MWG","13:04:47",42.45,-0.25,100,2346600,"S"
"MWG","13:04:21",42.45,-0.25,200,2346500,"S"
"MWG","13:04:16",42.45,-0.25,200,2346300,"S"
"MWG","13:04:14",42.35,-0.35,3900,2346100,"B"
"MWG","13:04:14",42.4,-0.3,46100,2342200,"B"
"MWG","13:04:09",42.45,-0.25,1000,2296100,"S"
"MWG","13:04:02",42.45,-0.25,200,2295100,"S"
"MWG","13:03:54",42.45,-0.25,100,2294900,"S"
"MWG","13:03:45",42.45,-0.25,24800,2294800,"B"
"MWG","13:03:37",42.45,-0.25,1500,2270000,"B"
"MWG","13:03:30",42.5,-0.2,200,2268500,"S"
"MWG","13:03:28",42.45,-0.25,2000,2268300,"B"
"MWG","13:03:24",42.45,-0.25,400,2266300,"B"
"MWG","13:03:22",42.45,-0.25,600,2265900,"B"
"MWG","13:03:20",42.45,-0.25,1000,2265300,"B"
"MWG","13:03:18",42.45,-0.25,2000,2264300,"B"
"MWG","13:03:16",42.45,-0.25,1000,2262300,"B"
"MWG","13:03:13",42.45,-0.25,5700,2261300,"B"
"MWG","13:03:10",42.45,-0.25,50000,2255600,"B"
"MWG","13:02:44",42.5,-0.2,1000,2205600,"S"
"MWG","13:02:42",42.5,-0.2,900,2204600,"S"
"MWG","13:02:33",42.5,-0.2,100,2203700,"S"
"MWG","13:02:33",42.45,-0.25,1200,2203600,"B"
"MWG","13:02:30",42.45,-0.25,3000,2202400,"B"
"MWG","13:02:24",42.45,-0.25,500,2199400,"B"
"MWG","13:02:13",42.45,-0.25,7900,2198900,"B"
"MWG","13:02:06",42.45,-0.25,7900,2191000,"B"
"MWG","13:01:55",42.45,-0.25,3800,2183100,"B"
"MWG","13:01:50",42.5,-0.2,7900,2179300,"B"
"MWG","13:01:47",42.5,-0.2,7900,2171400,"B"
"MWG","13:01:42",42.5,-0.2,2000,2163500,"B"
"MWG","13:01:38",42.5,-0.2,700,2161500,"B"
"MWG","13:01:38",42.5,-0.2,4300,2160800,"B"
"MWG","13:01:35",42.5,-0.2,200,2156500,"B"
"MWG","13:01:24",42.5,-0.2,2200,2156300,"B"
"MWG","13:01:03",42.5,-0.2,11000,2154100,"B"
"MWG","13:01:02",42.5,-0.2,11500,2143100,"B"
"MWG","13:00:46",42.5,-0.2,50000,2131600,"B"
"MWG","13:00:39",42.5,-0.2,5900,2081600,"B"
"MWG","13:00:38",42.5,-0.2,20000,2075700,"B"
"MWG","13:00:35",42.5,-0.2,100,2055700,"B"
"MWG","13:00:33",42.5,-0.2,5000,2055600,"B"
"MWG","13:00:30",42.55,-0.15,100,2050600,"S"
"MWG","13:00:29",42.55,-0.15,1300,2050500,"S"
"MWG","13:00:21",42.55,-0.15,1000,2049200,"S"
"MWG","13:00:20",42.55,-0.15,1300,2048200,"S"
"MWG","13:00:19",42.55,-0.15,500,2046900,"S"
"MWG","13:00:14",42.55,-0.15,100,2046400,"S"
"MWG","13:00:14",42.5,-0.2,5000,2046300,"B"
"MWG","13:00:12",42.5,-0.2,1000,2041300,"B"
"MWG","13:00:12",42.55,-0.15,100,2040300,"S"
"MWG","13:00:09",42.5,-0.2,500,2040200,"B"
"MWG","13:00:04",42.55,-0.15,200,2039700,"S"
"MWG","13:00:03",42.5,-0.2,1600,2039500,"B"
"MWG","13:00:03",42.55,-0.15,2600,2037900,"S"
"MWG","13:00:02",42.5,-0.2,400,2035300,"B"
"MWG","13:00:02",42.55,-0.15,200,2034900,"S"
"MWG","13:00:01",42.5,-0.2,2000,2034700,"B"
"MWG","13:00:00",42.55,-0.15,200,2032700,"S"
"MWG","13:00:00",42.5,-0.2,100,2032500,"B"
"MWG","11:29:54",42.55,-0.15,800,2029900,"S"
"MWG","11:29:51",42.55,-0.15,1200,2029100,"B"
"MWG","11:29:40",42.55,-0.15,10000,2027900,"B"
"MWG","11:29:34",42.55,-0.15,8000,2017900,"B"
"MWG","11:29:33",42.55,-0.15,1100,2009900,"B"
"MWG","11:29:15",42.55,-0.15,3500,2008800,"B"
"MWG","11:28:47",42.55,-0.15,3000,2005300,"B"
"MWG","11:28:00",42.6,-0.1,1100,2002300,"S"
"MWG","11:27:59",42.6,-0.1,200,2001200,"S"
"MWG","11:27:45",42.55,-0.15,4000,2001000,"S"
"MWG","11:27:35",42.55,-0.15,100,1997000,"S"
"MWG","11:27:22",42.55,-0.15,10000,1996900,"S"
"MWG","11:27:14",42.5,-0.2,2000,1986900,"B"
"MWG","11:27:12",42.55,-0.15,100,1984900,"S"
"MWG","11:27:07",42.55,-0.15,700,1984800,"S"
"MWG","11:27:02",42.55,-0.15,2000,1984100,"S"
"MWG","11:26:40",42.55,-0.15,300,1982100,"S"
"MWG","11:26:25",42.55,-0.15,11000,1981800,"S"
"MWG","11:26:24",42.55,-0.15,10000,1970800,"S"
"MWG","11:26:06",42.55,-0.15,2000,1960800,"S"
"MWG","11:26:03",42.5,-0.2,100,1958800,"B"
"MWG","11:25:24",42.55,-0.15,100,1958700,"S"
"MWG","11:25:22",42.55,-0.15,300,1958600,"S"
"MWG","11:25:08",42.55,-0.15,800,1958300,"S"
"MWG","11:25:08",42.55,-0.15,4200,1957500,"S"
"MWG","11:25:05",42.5,-0.2,5000,1953300,"B"
"MWG","11:24:46",42.5,-0.2,200,1948300,"B"
"MWG","11:24:43",42.55,-0.15,100,1948100,"S"
"MWG","11:24:36",42.55,-0.15,1000,1948000,"S"
"MWG","11:24:34",42.55,-0.15,100,1947000,"S"
"MWG","11:24:28",42.55,-0.15,400,1946900,"S"
"MWG","11:24:25",42.55,-0.15,100,1946500,"S"
"MWG","11:24:17",42.55,-0.15,1000,1946400,"S"
"MWG","11:24:08",42.55,-0.15,100,1945400,"S"
"MWG","11:24:07",42.5,-0.2,200,1945300,"B"
"MWG","11:23:40",42.55,-0.15,500,1945100,"S"
"MWG","11:23:33",42.5,-0.2,1100,1944600,"B"
"MWG","11:22:53",42.5,-0.2,3800,1943500,"B"
"MWG","11:22:53",42.5,-0.2,3800,1939700,"B"
"MWG","11:22:52",42.55,-0.15,100,1935900,"S"
"MWG","11:22:47",42.55,-0.15,200,1935800,"S"
"MWG","11:22:34",42.55,-0.15,100,1935600,"S"
"MWG","11:22:17",42.55,-0.15,14900,1935500,"B"
"MWG","11:22:16",42.55,-0.15,53700,1920600,"B"
"MWG","11:22:13",42.6,-0.1,800,1866900,"S"
"MWG","11:21:54",42.6,-0.1,2900,1866100,"S"
"MWG","11:21:28",42.6,-0.1,700,1863200,"S"
"MWG","11:21:12",42.6,-0.1,1000,1862500,"S"
"MWG","11:21:11",42.55,-0.15,3000,1861500,"B"
"MWG","11:20:34",42.6,-0.1,100,1858500,"S"
"MWG","11:20:29",42.6,-0.1,100,1858400,"S"
"MWG","11:20:28",42.55,-0.15,900,1858300,"B"
"MWG","11:20:12",42.6,-0.1,100,1857400,"S"
"MWG","11:19:47",42.6,-0.1,1000,1857300,"S"
"MWG","11:19:26",42.6,-0.1,2000,1856300,"S"
"MWG","11:18:45",42.6,-0.1,200,1854300,"S"
"MWG","11:18:39",42.6,-0.1,800,1854100,"S"
"MWG","11:18:20",42.6,-0.1,1000,1853300,"S"
"MWG","11:17:52",42.55,-0.15,900,1852300,"B"
"MWG","11:17:48",42.6,-0.1,1000,1851400,"S"
"MWG","11:17:35",42.6,-0.1,200,1850400,"S"
"MWG","11:17:33",42.55,-0.15,1100,1850200,"B"
"MWG","11:17:18",42.55,-0.15,300,1849100,"B"
"MWG","11:16:40",42.55,-0.15,1000,1848800,"B"
"MWG","11:16:06",42.6,-0.1,200,1847800,"S"
"MWG","11:15:51",42.6,-0.1,700,1847600,"S"
"MWG","11:15:47",42.6,-0.1,1400,1846900,"S"
"MWG","11:15:31",42.6,-0.1,1500,1845500,"S"
"MWG","11:15:24",42.55,-0.15,200,1844000,"B"
"MWG","11:15:00",42.6,-0.1,200,1843800,"S"
"MWG","11:14:49",42.55,-0.15,3800,1843600,"B"
"MWG","11:14:49",42.55,-0.15,3800,1839800,"B"
"MWG","11:14:48",42.55,-0.15,7600,1836000,"B"
"MWG","11:14:34",42.6,-0.1,200,1828400,"S"
"MWG","11:14:25",42.6,-0.1,1100,1828200,"S"
"MWG","11:13:36",42.55,-0.15,10000,1827100,"B"
"MWG","11:13:35",42.55,-0.15,100,1817100,"B"
"MWG","11:12:54",42.55,-0.15,2000,1817000,"B"
"MWG","11:12:53",42.55,-0.15,100,1815000,"B"
"MWG","11:12:24",42.55,-0.15,1000,1814900,"B"
"MWG","11:12:23",42.6,-0.1,100,1813900,"S"
"MWG","11:12:03",42.55,-0.15,2000,1813800,"B"
"MWG","11:11:45",42.6,-0.1,100,1811800,"S"
"MWG","11:11:44",42.55,-0.15,1000,1811700,"B"
"MWG","11:11:34",42.55,-0.15,1100,1810700,"B"
"MWG","11:11:10",42.55,-0.15,800,1809600,"S"
"MWG","11:11:10",42.55,-0.15,100,1808800,"S"
"MWG","11:11:08",42.55,-0.15,100,1808700,"S"
"MWG","11:11:06",42.55,-0.15,100,1808600,"S"
"MWG","11:11:04",42.5,-0.2,200,1808500,"B"
"MWG","11:11:04",42.55,-0.15,500,1808300,"S"
"MWG","11:11:02",42.55,-0.15,500,1807800,"S"
"MWG","11:11:02",42.55,-0.15,22500,1807300,"S"
"MWG","11:11:01",42.55,-0.15,1000,1784800,"S"
"MWG","11:10:50",42.55,-0.15,5000,1783800,"S"
"MWG","11:10:29",42.55,-0.15,2000,1778800,"S"
"MWG","11:10:27",42.55,-0.15,500,1776800,"S"
"MWG","11:10:26",42.55,-0.15,10000,1776300,"S"
"MWG","11:10:23",42.55,-0.15,500,1766300,"S"
"MWG","11:10:14",42.55,-0.15,700,1765800,"S"
"MWG","11:10:08",42.55,-0.15,3000,1765100,"S"
"MWG","11:10:03",42.55,-0.15,2000,1762100,"S"
"MWG","11:09:48",42.55,-0.15,200,1760100,"S"
"MWG","11:09:45",42.55,-0.15,10000,1759900,"S"
"MWG","11:09:43",42.55,-0.15,10000,1749900,"S"
"MWG","11:09:16",42.55,-0.15,1000,1739900,"S"
"MWG","11:09:14",42.5,-0.2,1500,1738900,"B"
"MWG","11:09:04",42.55,-0.15,1600,1737400,"S"
"MWG","11:08:58",42.55,-0.15,2500,1735800,"S"
"MWG","11:08:47",42.55,-0.15,2000,1733300,"S"
"MWG","11:08:43",42.55,-0.15,500,1731300,"S"
"MWG","11:08:36",42.55,-0.15,1000,1730800,"S"
"MWG","11:08:21",42.55,-0.15,200,1729800,"S"
"MWG","11:08:15",42.55,-0.15,2000,1729600,"S"
"MWG","11:07:54",42.55,-0.15,300,1727600,"S"
"MWG","11:07:52",42.55,-0.15,100,1727300,"S"
"MWG","11:07:51",42.55,-0.15,100,1727200,"S"
"MWG","11:07:45",42.55,-0.15,3000,1727100,"S"
"MWG","11:07:37",42.55,-0.15,1100,1724100,"S"
"MWG","11:07:20",42.5,-0.2,900,1723000,"B"
"MWG","11:07:20",42.55,-0.15,1000,1722100,"S"
"MWG","11:07:14",42.55,-0.15,400,1721100,"S"
"MWG","11:07:11",42.55,-0.15,200,1720700,"S"
"MWG","11:06:54",42.55,-0.15,100,1720500,"S"
"MWG","11:06:48",42.55,-0.15,1300,1720400,"S"
"MWG","11:06:47",42.55,-0.15,100,1719100,"S"
"MWG","11:06:45",42.55,-0.15,1000,1719000,"S"
"MWG","11:06:40",42.55,-0.15,500,1718000,"S"
"MWG","11:06:40",42.5,-0.2,4000,1717500,"B"
"MWG","11:06:39",42.5,-0.2,6000,1713500,"B"
"MWG","11:06:26",42.55,-0.15,300,1707500,"S"
"MWG","11:06:12",42.55,-0.15,10000,1707200,"S"
"MWG","11:06:09",42.5,-0.2,500,1697200,"B"
"MWG","11:06:05",42.5,-0.2,500,1696700,"B"
"MWG","11:06:02",42.5,-0.2,400,1696200,"B"
"MWG","11:06:02",42.55,-0.15,1000,1695800,"S"
"MWG","11:06:00",42.5,-0.2,500,1694800,"B"
"MWG","11:05:58",42.5,-0.2,10000,1694300,"B"
"MWG","11:05:25",42.55,-0.15,300,1684300,"S"
"MWG","11:05:08",42.55,-0.15,100,1684000,"S"
"MWG","11:05:04",42.5,-0.2,20000,1683900,"B"
"MWG","11:04:51",42.55,-0.15,1500,1663900,"S"
"MWG","11:04:36",42.55,-0.15,700,1662400,"S"
"MWG","11:04:35",42.55,-0.15,100,1661700,"S"
"MWG","11:04:32",42.55,-0.15,3700,1661600,"S"
"MWG","11:04:30",42.55,-0.15,600,1657900,"S"
"MWG","11:04:25",42.55,-0.15,9600,1657300,"S"
"MWG","11:04:13",42.55,-0.15,1000,1647700,"S"
"MWG","11:04:07",42.55,-0.15,34100,1646700,"B"
"MWG","11:04:04",42.55,-0.15,14800,1612600,"B"
"MWG","11:04:03",42.55,-0.15,5200,1597800,"B"
"MWG","11:04:01",42.6,-0.1,200,1592600,"S"
"MWG","11:03:54",42.6,-0.1,500,1592400,"S"
"MWG","11:03:49",42.6,-0.1,100,1591900,"S"
"MWG","11:03:47",42.6,-0.1,100,1591800,"S"
"MWG","11:03:29",42.6,-0.1,11000,1591700,"S"
"MWG","11:03:29",42.6,-0.1,200,1580700,"S"
"MWG","11:03:23",42.6,-0.1,400,1580500,"S"
"MWG","11:03:12",42.6,-0.1,600,1580100,"S"
"MWG","11:03:07",42.6,-0.1,100,1579500,"S"
"MWG","11:02:59",42.6,-0.1,100,1579400,"S"
"MWG","11:02:55",42.6,-0.1,10000,1579300,"S"
"MWG","11:02:51",42.6,-0.1,2900,1569300,"S"
"MWG","11:02:46",42.6,-0.1,100,1566400,"S"
"MWG","11:02:44",42.6,-0.1,100,1566300,"S"
"MWG","11:02:35",42.6,-0.1,3000,1566200,"S"
"MWG","11:02:31",42.6,-0.1,100,1563200,"S"
"MWG","11:02:23",42.6,-0.1,2000,1563100,"S"
"MWG","11:02:08",42.6,-0.1,100,1561100,"S"
"MWG","11:02:06",42.6,-0.1,100,1561000,"S"
"MWG","11:01:59",42.6,-0.1,500,1560900,"S"
"MWG","11:01:50",42.6,-0.1,3500,1560400,"S"
"MWG","11:01:49",42.6,-0.1,6500,1556900,"S"
"MWG","11:01:48",42.6,-0.1,800,1550400,"S"
"MWG","11:01:44",42.6,-0.1,100,1549600,"S"
"MWG","11:01:34",42.6,-0.1,1000,1549500,"S"
"MWG","11:01:27",42.6,-0.1,100,1548500,"S"
"MWG","11:01:25",42.6,-0.1,21800,1548400,"B"
"MWG","11:01:09",42.6,-0.1,2000,1526600,"B"
"MWG","11:01:01",42.6,-0.1,20000,1524600,"B"
"MWG","11:00:49",42.65,-0.05,1000,1504600,"S"
"MWG","11:00:30",42.6,-0.1,5000,1503600,"B"
"MWG","11:00:26",42.6,-0.1,1000,1498600,"B"
"MWG","11:00:18",42.6,-0.1,2000,1497600,"B"
"MWG","11:00:04",42.65,-0.05,300,1495600,"S"
"MWG","10:59:47",42.6,-0.1,3200,1495300,"B"
"MWG","10:59:40",42.65,-0.05,200,1492100,"S"
"MWG","10:59:37",42.6,-0.1,10000,1491900,"B"
"MWG","10:59:22",42.65,-0.05,200,1481900,"S"
"MWG","10:59:08",42.65,-0.05,100,1481700,"S"
"MWG","10:59:04",42.6,-0.1,200,1481600,"B"
"MWG","10:58:59",42.65,-0.05,700,1481400,"S"
"MWG","10:58:36",42.65,-0.05,300,1480700,"S"
"MWG","10:58:27",42.6,-0.1,1200,1480400,"B"
"MWG","10:58:01",42.65,-0.05,1000,1479200,"S"
"MWG","10:58:00",42.65,-0.05,800,1478200,"S"
"MWG","10:57:25",42.65,-0.05,1100,1477400,"S"
"MWG","10:57:21",42.6,-0.1,600,1476300,"B"
"MWG","10:56:47",42.65,-0.05,100,1475700,"S"
"MWG","10:56:45",42.6,-0.1,100,1475600,"B"
"MWG","10:56:42",42.6,-0.1,200,1475500,"B"
"MWG","10:56:36",42.6,-0.1,400,1475300,"B"
"MWG","10:56:34",42.6,-0.1,1200,1474900,"B"
"MWG","10:55:46",42.6,-0.1,100,1473700,"S"
"MWG","10:55:31",42.6,-0.1,1500,1473600,"S"
"MWG","10:55:22",42.6,-0.1,1000,1472100,"S"
"MWG","10:55:08",42.6,-0.1,200,1471100,"S"
"MWG","10:55:08",42.6,-0.1,100,1470900,"S"
"MWG","10:54:49",42.6,-0.1,100,1470800,"S"
"MWG","10:54:37",42.6,-0.1,7500,1470700,"S"
"MWG","10:54:26",42.55,-0.15,100,1463200,"B"
"MWG","10:54:16",42.55,-0.15,900,1463100,"B"
"MWG","10:54:10",42.6,-0.1,200,1462200,"S"
"MWG","10:54:10",42.55,-0.15,10000,1462000,"B"
"MWG","10:54:05",42.6,-0.1,5000,1452000,"S"
"MWG","10:54:02",42.6,-0.1,1000,1447000,"S"
"MWG","10:53:39",42.6,-0.1,100,1446000,"S"
"MWG","10:53:22",42.6,-0.1,700,1445900,"S"
"MWG","10:53:03",42.6,-0.1,200,1445200,"S"
"MWG","10:53:00",42.6,-0.1,300,1445000,"S"
"MWG","10:52:53",42.6,-0.1,1000,1444700,"S"
"MWG","10:52:34",42.6,-0.1,36700,1443700,"B"
"MWG","10:52:06",42.6,-0.1,2200,1407000,"B"
"MWG","10:52:05",42.6,-0.1,1800,1404800,"B"
"MWG","10:51:34",42.65,-0.05,200,1403000,"S"
"MWG","10:51:31",42.65,-0.05,1800,1402800,"S"
"MWG","10:51:15",42.65,-0.05,200,1401000,"S"
"MWG","10:51:00",42.65,-0.05,2000,1400800,"S"
"MWG","10:50:51",42.6,-0.1,2000,1398800,"B"
"MWG","10:50:38",42.65,-0.05,1100,1396800,"S"
"MWG","10:50:34",42.65,-0.05,800,1395700,"S"
"MWG","10:50:21",42.65,-0.05,11000,1394900,"S"
"MWG","10:49:57",42.65,-0.05,1900,1383900,"B"
"MWG","10:49:56",42.65,-0.05,7900,1382000,"B"
"MWG","10:49:48",42.65,-0.05,7900,1374100,"B"
"MWG","10:49:40",42.65,-0.05,7900,1366200,"B"
"MWG","10:49:35",42.65,-0.05,7400,1358300,"S"
"MWG","10:49:31",42.6,-0.1,1000,1350900,"B"
"MWG","10:49:14",42.65,-0.05,2000,1349900,"S"
"MWG","10:49:09",42.65,-0.05,500,1347900,"S"
"MWG","10:48:58",42.65,-0.05,100,1347400,"S"
"MWG","10:48:56",42.65,-0.05,49800,1347300,"B"
"MWG","10:48:55",42.7,0,500,1297500,"S"
"MWG","10:48:50",42.7,0,1100,1297000,"S"
"MWG","10:48:48",42.65,-0.05,3800,1295900,"B"
"MWG","10:48:47",42.65,-0.05,1900,1292100,"B"
"MWG","10:48:46",42.65,-0.05,1900,1290200,"B"
"MWG","10:48:08",42.7,0,500,1288300,"S"
"MWG","10:47:46",42.7,0,500,1287800,"S"
"MWG","10:47:45",42.7,0,700,1287300,"S"
"MWG","10:47:43",42.7,0,2000,1286600,"S"
"MWG","10:47:30",42.7,0,1700,1284600,"B"
"MWG","10:47:29",42.7,0,12000,1282900,"B"
"MWG","10:47:14",42.75,0.05,1000,1270900,"S"
"MWG","10:47:09",42.7,0,2000,1269900,"B"
"MWG","10:47:03",42.75,0.05,1000,1267900,"S"
"MWG","10:46:57",42.75,0.05,100,1266900,"S"
"MWG","10:46:36",42.75,0.05,100,1266800,"S"
"MWG","10:46:23",42.75,0.05,200,1266700,"S"
"MWG","10:46:17",42.7,0,5700,1266500,"B"
"MWG","10:45:53",42.7,0,1300,1260800,"B"
"MWG","10:45:46",42.7,0,1000,1259500,"B"
"MWG","10:45:30",42.7,0,5700,1258500,"S"
"MWG","10:45:29",42.7,0,20000,1252800,"S"
"MWG","10:45:23",42.7,0,700,1232800,"S"
"MWG","10:45:22",42.7,0,10000,1232100,"S"
"MWG","10:45:12",42.7,0,10000,1222100,"S"
"MWG","10:44:35",42.65,-0.05,1200,1212000,"B"
"MWG","10:44:34",42.65,-0.05,500,1210800,"B"
"MWG","10:44:23",42.7,0,500,1210300,"S"
"MWG","10:44:18",42.65,-0.05,100,1209800,"B"
"MWG","10:44:13",42.7,0,200,1209700,"S"
"MWG","10:43:50",42.7,0,1000,1209500,"S"
"MWG","10:43:46",42.7,0,200,1208500,"S"
"MWG","10:43:20",42.6,-0.1,1800,1208300,"S"
"MWG","10:43:20",42.6,-0.1,1500,1206500,"S"
"MWG","10:43:18",42.6,-0.1,100,1205000,"S"
"MWG","10:43:12",42.6,-0.1,200,1204900,"S"
"MWG","10:43:09",42.6,-0.1,100,1204700,"S"
"MWG","10:43:09",42.5,-0.2,2100,1204600,"B"
"MWG","10:43:06",42.6,-0.1,2600,1202500,"S"
"MWG","10:43:06",42.55,-0.15,50000,1199900,"B"
"MWG","10:42:59",42.6,-0.1,10000,1149900,"S"
"MWG","10:42:53",42.6,-0.1,500,1139900,"S"
"MWG","10:42:47",42.6,-0.1,6500,1139400,"B"
"MWG","10:42:47",42.6,-0.1,28200,1132900,"B"
"MWG","10:42:38",42.6,-0.1,2100,1104700,"B"
"MWG","10:42:30",42.6,-0.1,10000,1102600,"B"
"MWG","10:42:22",42.6,-0.1,300,1092600,"B"
"MWG","10:42:06",42.6,-0.1,2100,1092300,"B"
"MWG","10:42:03",42.6,-0.1,3000,1090200,"B"
"MWG","10:42:03",42.65,-0.05,100,1087200,"S"
"MWG","10:42:03",42.65,-0.05,8900,1087100,"S"
"MWG","10:41:35",42.6,-0.1,700,1078200,"B"
"MWG","10:41:35",42.6,-0.1,400,1077500,"B"
"MWG","10:41:34",42.6,-0.1,2100,1077100,"B"
"MWG","10:41:32",42.65,-0.05,100,1075000,"S"
"MWG","10:41:17",42.6,-0.1,400,1074900,"B"
"MWG","10:41:14",42.65,-0.05,200,1074500,"S"
"MWG","10:41:11",42.65,-0.05,100,1074300,"S"
"MWG","10:41:03",42.6,-0.1,2000,1074200,"B"
"MWG","10:40:54",42.65,-0.05,10700,1072200,"B"
"MWG","10:40:51",42.65,-0.05,3000,1061500,"B"
"MWG","10:40:45",42.65,-0.05,26600,1058500,"B"
"MWG","10:40:31",42.65,-0.05,2000,1031900,"B"
"MWG","10:40:26",42.7,0,1100,1029900,"S"
"MWG","10:40:18",42.65,-0.05,5000,1028800,"B"
"MWG","10:40:14",42.65,-0.05,2000,1023800,"B"
"MWG","10:40:12",42.65,-0.05,200,1021800,"B"
"MWG","10:40:00",42.65,-0.05,2000,1021600,"B"
"MWG","10:39:41",42.65,-0.05,600,1019600,"B"
"MWG","10:39:29",42.65,-0.05,2000,1019000,"B"
"MWG","10:39:04",42.65,-0.05,1200,1017000,"B"
"MWG","10:38:57",42.65,-0.05,1900,1015800,"B"
"MWG","10:38:42",42.65,-0.05,600,1013900,"B"
"MWG","10:38:36",42.65,-0.05,5700,1013300,"B"
"MWG","10:38:35",42.7,0,200,1007600,"S"
"MWG","10:38:31",42.65,-0.05,200,1007400,"B"
"MWG","10:38:27",42.7,0,1400,1007200,"S"
"MWG","10:38:25",42.65,-0.05,1900,1005800,"B"
"MWG","10:38:25",42.7,0,300,1003900,"S"
"MWG","10:37:57",42.65,-0.05,5700,1003600,"B"
"MWG","10:37:54",42.65,-0.05,1900,997900,"B"
"MWG","10:37:23",42.65,-0.05,1900,996000,"B"
"MWG","10:37:17",42.7,0,100,994100,"S"
"MWG","10:37:02",42.7,0,1000,994000,"S"
"MWG","10:36:51",42.65,-0.05,1900,993000,"B"
"MWG","10:36:30",42.65,-0.05,400,991100,"B"
"MWG","10:36:28",42.65,-0.05,5700,990700,"B"
"MWG","10:36:20",42.65,-0.05,1800,985000,"B"
"MWG","10:35:59",42.7,0,200,983200,"S"
"MWG","10:35:56",42.65,-0.05,300,983000,"B"
"MWG","10:35:51",42.65,-0.05,20000,982700,"B"
"MWG","10:35:48",42.65,-0.05,1800,962700,"B"
"MWG","10:35:35",42.65,-0.05,1100,960900,"B"
"MWG","10:35:16",42.65,-0.05,1800,959800,"B"
"MWG","10:35:14",42.65,-0.05,2600,958000,"B"
"MWG","10:34:44",42.65,-0.05,1800,955400,"B"
"MWG","10:34:38",42.7,0,700,953600,"S"
"MWG","10:34:37",42.7,0,100,952900,"S"
"MWG","10:34:20",42.7,0,100,952800,"S"
"MWG","10:34:13",42.65,-0.05,1800,952700,"B"
"MWG","10:33:53",42.65,-0.05,1300,950900,"B"
"MWG","10:33:41",42.7,0,700,949600,"S"
"MWG","10:33:41",42.65,-0.05,1800,948900,"B"
"MWG","10:33:38",42.7,0,1100,947100,"S"
"MWG","10:33:35",42.65,-0.05,5000,946000,"B"
"MWG","10:33:34",42.7,0,100,941000,"S"
"MWG","10:33:25",42.7,0,400,940900,"S"
"MWG","10:33:22",42.7,0,100,940500,"S"
"MWG","10:33:13",42.7,0,900,940400,"S"
"MWG","10:33:09",42.65,-0.05,1700,939500,"B"
"MWG","10:33:01",42.7,0,5000,937800,"S"
"MWG","10:32:50",42.7,0,3700,932800,"S"
"MWG","10:32:39",42.7,0,9600,929100,"B"
"MWG","10:32:37",42.7,0,1700,919500,"B"
"MWG","10:32:35",42.7,0,1200,917800,"B"
"MWG","10:32:31",42.7,0,1600,916600,"B"
"MWG","10:32:28",42.75,0.05,800,915000,"S"
"MWG","10:32:17",42.7,0,5700,914200,"B"
"MWG","10:32:13",42.7,0,300,908500,"B"
"MWG","10:32:06",42.7,0,1700,908200,"B"
"MWG","10:32:01",42.7,0,5700,906500,"B"
"MWG","10:31:40",42.7,0,500,900800,"S"
"MWG","10:31:35",42.65,-0.05,1700,900300,"B"
"MWG","10:31:35",42.7,0,300,898600,"S"
"MWG","10:31:27",42.7,0,2000,898300,"S"
"MWG","10:31:27",42.7,0,5000,896300,"S"
"MWG","10:31:24",42.7,0,5000,891300,"S"
"MWG","10:31:17",42.7,0,1000,886300,"S"
"MWG","10:31:14",42.7,0,100,885300,"S"
"MWG","10:31:04",42.65,-0.05,1600,885200,"B"
"MWG","10:31:04",42.65,-0.05,100,883600,"B"
"MWG","10:31:02",42.7,0,5000,883500,"S"
"MWG","10:30:58",42.7,0,20000,878500,"S"
"MWG","10:30:53",42.7,0,800,858500,"S"
"MWG","10:30:46",42.7,0,200,857700,"S"
"MWG","10:30:33",42.65,-0.05,1700,857500,"B"
"MWG","10:30:28",42.65,-0.05,4000,855800,"B"
"MWG","10:30:25",42.7,0,1100,851800,"S"
"MWG","10:30:15",42.7,0,1000,850700,"S"
"MWG","10:30:04",42.7,0,300,849700,"S"
"MWG","10:30:02",42.65,-0.05,1600,849400,"B"
"MWG","10:29:59",42.7,0,200,847800,"S"
"MWG","10:29:52",42.65,-0.05,100,847600,"B"
"MWG","10:29:30",42.65,-0.05,1600,847500,"B"
"MWG","10:28:58",42.65,-0.05,1600,845900,"B"
"MWG","10:28:28",42.65,-0.05,1600,844300,"B"
"MWG","10:28:10",42.7,0,200,842700,"S"
"MWG","10:27:55",42.65,-0.05,1600,842500,"B"
"MWG","10:27:29",42.65,-0.05,1500,840900,"B"
"MWG","10:27:24",42.65,-0.05,1600,839400,"B"
"MWG","10:27:09",42.65,-0.05,9000,837800,"B"
"MWG","10:26:52",42.65,-0.05,1600,828800,"B"
"MWG","10:26:51",42.7,0,1000,827200,"S"
"MWG","10:26:48",42.7,0,100,826200,"S"
"MWG","10:26:33",42.7,0,500,826100,"S"
"MWG","10:26:21",42.65,-0.05,1500,825600,"B"
"MWG","10:25:49",42.65,-0.05,1500,824100,"B"
"MWG","10:25:40",42.7,0,200,822600,"S"
"MWG","10:25:33",42.7,0,100,822400,"S"
"MWG","10:25:32",42.7,0,500,822300,"S"
"MWG","10:25:22",42.65,-0.05,400,821800,"B"
"MWG","10:25:18",42.65,-0.05,1500,821400,"B"
"MWG","10:25:17",42.7,0,5300,819900,"S"
"MWG","10:25:16",42.7,0,800,814600,"S"
"MWG","10:25:02",42.7,0,5000,813800,"S"
"MWG","10:24:47",42.65,-0.05,1500,808800,"B"
"MWG","10:24:16",42.65,-0.05,1500,807300,"B"
"MWG","10:23:44",42.65,-0.05,1500,805800,"B"
"MWG","10:23:27",42.7,0,1100,804300,"S"
"MWG","10:23:23",42.7,0,100,803200,"S"
"MWG","10:23:13",42.65,-0.05,1500,803100,"B"
"MWG","10:22:58",42.7,0,200,801600,"S"
"MWG","10:22:43",42.65,-0.05,1500,801400,"B"
"MWG","10:22:27",42.7,0,700,799900,"S"
"MWG","10:22:14",42.7,0,10000,799200,"S"
"MWG","10:22:11",42.65,-0.05,1400,789200,"B"
"MWG","10:21:53",42.65,-0.05,4300,787800,"S"
"MWG","10:21:52",42.65,-0.05,1700,783500,"S"
"MWG","10:21:46",42.65,-0.05,20000,781800,"S"
"MWG","10:21:45",42.6,-0.1,800,761800,"B"
"MWG","10:21:40",42.6,-0.1,1400,761000,"B"
"MWG","10:21:09",42.6,-0.1,1400,759600,"B"
"MWG","10:20:38",42.6,-0.1,1400,758200,"B"
"MWG","10:20:22",42.65,-0.05,200,756800,"S"
"MWG","10:20:06",42.6,-0.1,1400,756600,"B"
"MWG","10:20:03",42.65,-0.05,1000,755200,"S"
"MWG","10:19:35",42.6,-0.1,1400,754200,"B"
"MWG","10:19:30",42.65,-0.05,200,752800,"S"
"MWG","10:19:04",42.6,-0.1,1400,752600,"B"
"MWG","10:18:44",42.65,-0.05,400,751200,"S"
"MWG","10:18:39",42.6,-0.1,100,750800,"B"
"MWG","10:18:36",42.6,-0.1,100,750700,"B"
"MWG","10:18:33",42.6,-0.1,1400,750600,"B"
"MWG","10:18:02",42.6,-0.1,1400,749200,"B"
"MWG","10:17:46",42.65,-0.05,100,747800,"S"
"MWG","10:17:30",42.6,-0.1,1300,747700,"B"
"MWG","10:16:59",42.6,-0.1,1300,746400,"B"
"MWG","10:16:50",42.65,-0.05,700,745100,"S"
"MWG","10:16:39",42.65,-0.05,1100,744400,"S"
"MWG","10:16:29",42.6,-0.1,5000,743300,"B"
"MWG","10:16:28",42.6,-0.1,1300,738300,"B"
"MWG","10:15:58",42.6,-0.1,1300,737000,"B"
"MWG","10:15:45",42.6,-0.1,2100,735700,"B"
"MWG","10:15:26",42.6,-0.1,1300,733600,"B"
"MWG","10:15:26",42.65,-0.05,200,732300,"S"
"MWG","10:15:24",42.65,-0.05,500,732100,"S"
"MWG","10:15:10",42.65,-0.05,200,731600,"S"
"MWG","10:14:59",42.65,-0.05,200,731400,"S"
"MWG","10:14:55",42.6,-0.1,1300,731200,"B"
"MWG","10:14:35",42.65,-0.05,10000,729900,"S"
"MWG","10:14:30",42.65,-0.05,10000,719900,"S"
"MWG","10:14:28",42.65,-0.05,200,709900,"S"
"MWG","10:14:24",42.6,-0.1,1300,709700,"B"
"MWG","10:14:09",42.6,-0.1,5000,708400,"B"
"MWG","10:13:53",42.6,-0.1,1300,703400,"B"
"MWG","10:13:45",42.6,-0.1,10000,702100,"B"
"MWG","10:13:34",42.6,-0.1,5700,692100,"B"
"MWG","10:13:29",42.6,-0.1,50000,686400,"B"
"MWG","10:13:22",42.6,-0.1,1300,636400,"B"
"MWG","10:13:15",42.65,-0.05,1000,635100,"S"
"MWG","10:13:06",42.6,-0.1,7900,634100,"B"
"MWG","10:12:51",42.6,-0.1,1300,626200,"B"
"MWG","10:12:46",42.65,-0.05,500,624900,"S"
"MWG","10:12:45",42.65,-0.05,100,624400,"B"
"MWG","10:12:35",42.65,-0.05,7900,624300,"B"
"MWG","10:12:34",42.65,-0.05,1000,616400,"B"
"MWG","10:12:27",42.65,-0.05,7900,615400,"B"
"MWG","10:12:21",42.65,-0.05,1000,607500,"B"
"MWG","10:12:20",42.65,-0.05,1200,606500,"B"
"MWG","10:12:17",42.65,-0.05,7900,605300,"B"
"MWG","10:12:08",42.65,-0.05,7900,597400,"B"
"MWG","10:11:49",42.65,-0.05,500,589500,"B"
"MWG","10:11:48",42.65,-0.05,1200,589000,"B"
"MWG","10:11:28",42.65,-0.05,7900,587800,"B"
"MWG","10:11:18",42.65,-0.05,1200,579900,"B"
"MWG","10:10:55",42.7,0,1000,578700,"S"
"MWG","10:10:48",42.7,0,5000,577700,"S"
"MWG","10:10:47",42.65,-0.05,1200,572700,"B"
"MWG","10:10:46",42.7,0,100,571500,"S"
"MWG","10:10:34",42.7,0,100,571400,"S"
"MWG","10:10:31",42.7,0,200,571300,"S"
"MWG","10:10:26",42.7,0,100,571100,"S"
"MWG","10:10:24",42.7,0,100,571000,"S"
"MWG","10:10:15",42.65,-0.05,1200,570900,"B"
"MWG","10:09:56",42.7,0,1800,569700,"B"
"MWG","10:09:52",42.75,0.05,1000,567900,"S"
"MWG","10:09:46",42.7,0,200,566900,"S"
"MWG","10:09:44",42.65,-0.05,1200,566700,"B"
"MWG","10:09:40",42.7,0,500,565500,"S"
"MWG","10:09:35",42.7,0,2000,565000,"S"
"MWG","10:09:31",42.7,0,100,563000,"S"
"MWG","10:09:28",42.7,0,100,562900,"S"
"MWG","10:09:22",42.7,0,2000,562800,"S"
"MWG","10:09:18",42.7,0,100,560800,"S"
"MWG","10:09:14",42.7,0,500,560700,"S"
"MWG","10:09:13",42.65,-0.05,1200,560200,"B"
"MWG","10:09:06",42.7,0,1000,559000,"S"
"MWG","10:08:59",42.7,0,2000,558000,"S"
"MWG","10:08:57",42.7,0,500,556000,"S"
"MWG","10:08:49",42.7,0,100,555500,"S"
"MWG","10:08:48",42.7,0,2000,555400,"S"
"MWG","10:08:48",42.7,0,200,553400,"S"
"MWG","10:08:42",42.65,-0.05,1200,553200,"B"
"MWG","10:08:41",42.7,0,3000,552000,"S"
"MWG","10:08:39",42.7,0,1000,549000,"S"
"MWG","10:08:39",42.65,-0.05,200,548000,"B"
"MWG","10:08:39",42.7,0,100,547800,"S"
"MWG","10:08:36",42.7,0,400,547700,"S"
"MWG","10:08:34",42.7,0,500,547300,"S"
"MWG","10:08:31",42.7,0,300,546800,"S"
"MWG","10:08:24",42.7,0,100,546500,"S"
"MWG","10:08:20",42.7,0,100,546400,"S"
"MWG","10:08:16",42.7,0,1900,546300,"B"
"MWG","10:08:11",42.7,0,3100,544400,"S"
"MWG","10:08:10",42.7,0,1900,540100,"B"
"MWG","10:08:00",42.7,0,200,538200,"B"
"MWG","10:07:59",42.7,0,14800,538000,"S"
"MWG","10:07:40",42.65,-0.05,1200,523200,"B"
"MWG","10:07:38",42.65,-0.05,1500,522000,"B"
"MWG","10:07:33",42.65,-0.05,500,520500,"B"
"MWG","10:07:32",42.7,0,800,520000,"S"
"MWG","10:07:09",42.65,-0.05,1200,519200,"B"
"MWG","10:06:41",42.65,-0.05,100,518000,"B"
"MWG","10:06:40",42.7,0,300,517900,"S"
"MWG","10:06:37",42.65,-0.05,1200,517600,"B"
"MWG","10:06:28",42.7,0,1100,516400,"S"
"MWG","10:06:06",42.65,-0.05,5700,515300,"B"
"MWG","10:06:06",42.65,-0.05,1200,509600,"B"
"MWG","10:05:34",42.65,-0.05,1100,508400,"B"
"MWG","10:05:25",42.65,-0.05,21600,507300,"S"
"MWG","10:05:18",42.65,-0.05,2600,485700,"S"
"MWG","10:05:03",42.6,-0.1,1100,483100,"B"
"MWG","10:04:35",42.6,-0.1,1200,482000,"B"
"MWG","10:04:32",42.6,-0.1,1100,480800,"B"
"MWG","10:04:32",42.65,-0.05,300,479700,"S"
"MWG","10:04:32",42.6,-0.1,100,479400,"B"
"MWG","10:04:15",42.6,-0.1,100,479300,"B"
"MWG","10:04:01",42.6,-0.1,1100,479200,"B"
"MWG","10:03:41",42.65,-0.05,300,478100,"S"
"MWG","10:03:32",42.6,-0.1,9500,477800,"B"
"MWG","10:03:30",42.6,-0.1,1100,468300,"B"
"MWG","10:03:23",42.65,-0.05,5800,467200,"S"
"MWG","10:03:04",42.65,-0.05,1000,461400,"S"
"MWG","10:02:59",42.6,-0.1,1100,460400,"B"
"MWG","10:02:51",42.65,-0.05,600,459300,"S"
"MWG","10:02:47",42.65,-0.05,800,458700,"S"
"MWG","10:02:32",42.65,-0.05,4600,457900,"B"
"MWG","10:02:28",42.65,-0.05,1100,453300,"B"
"MWG","10:02:26",42.65,-0.05,8200,452200,"B"
"MWG","10:02:26",42.65,-0.05,8800,444000,"B"
"MWG","10:02:17",42.7,0,100,435200,"S"
"MWG","10:02:08",42.7,0,500,435100,"S"
"MWG","10:02:07",42.7,0,1600,434600,"B"
"MWG","10:02:03",42.7,0,5700,433000,"B"
"MWG","10:02:00",42.7,0,3900,427300,"S"
"MWG","10:02:00",42.7,0,1800,423400,"S"
"MWG","10:01:58",42.65,-0.05,1100,421600,"B"
"MWG","10:01:56",42.7,0,1000,420500,"S"
"MWG","10:01:49",42.7,0,10000,419500,"S"
"MWG","10:01:29",42.7,0,100,409500,"S"
"MWG","10:01:26",42.65,-0.05,1100,409400,"B"
"MWG","10:01:17",42.7,0,100,408300,"S"
"MWG","10:01:13",42.65,-0.05,900,408200,"B"
"MWG","10:00:55",42.65,-0.05,1100,407300,"B"
"MWG","10:00:49",42.65,-0.05,900,406200,"B"
"MWG","10:00:25",42.65,-0.05,200,405300,"B"
"MWG","10:00:24",42.65,-0.05,1100,405100,"B"
"MWG","10:00:19",42.65,-0.05,900,404000,"B"
"MWG","10:00:02",42.7,0,200,403100,"S"
"MWG","10:00:01",42.7,0,200,402900,"S"
"MWG","10:00:00",42.65,-0.05,900,402700,"B"
"MWG","10:00:00",42.7,0,200,401800,"S"
"MWG","09:59:57",42.65,-0.05,1100,401600,"B"
"MWG","09:59:40",42.7,0,1100,400500,"S"
"MWG","09:59:40",42.65,-0.05,900,399400,"B"
"MWG","09:59:34",42.65,-0.05,900,398500,"B"
"MWG","09:59:23",42.65,-0.05,1100,397600,"B"
"MWG","09:59:12",42.65,-0.05,900,396500,"B"
"MWG","09:59:07",42.65,-0.05,900,395600,"B"
"MWG","09:59:04",42.65,-0.05,2000,394700,"B"
"MWG","09:58:58",42.65,-0.05,900,392700,"B"
"MWG","09:58:52",42.65,-0.05,2000,391800,"B"
"MWG","09:58:48",42.65,-0.05,900,389800,"B"
"MWG","09:58:42",42.65,-0.05,900,388900,"B"
"MWG","09:58:37",42.65,-0.05,900,388000,"B"
"MWG","09:58:31",42.65,-0.05,900,387100,"B"
"MWG","09:58:21",42.65,-0.05,1000,386200,"B"
"MWG","09:58:19",42.7,0,1000,385200,"S"
"MWG","09:57:50",42.65,-0.05,1000,384200,"B"
"MWG","09:57:48",42.65,-0.05,5500,383200,"B"
"MWG","09:57:24",42.65,-0.05,2000,377700,"B"
"MWG","09:57:19",42.65,-0.05,1000,375700,"B"
"MWG","09:57:15",42.7,0,700,374700,"B"
"MWG","09:56:59",42.65,-0.05,900,374000,"B"
"MWG","09:56:48",42.65,-0.05,1000,373100,"B"
"MWG","09:56:47",42.65,-0.05,300,372100,"B"
"MWG","09:56:18",42.65,-0.05,1000,371800,"B"
"MWG","09:56:16",42.75,0.05,1000,370800,"S"
"MWG","09:56:15",42.65,-0.05,5200,369800,"B"
"MWG","09:56:15",42.7,0,500,364600,"B"
"MWG","09:55:47",42.65,-0.05,1000,364100,"B"
"MWG","09:55:15",42.65,-0.05,200,363100,"B"
"MWG","09:55:15",42.7,0,800,362900,"B"
"MWG","09:54:55",42.75,0.05,1000,362100,"S"
"MWG","09:54:45",42.7,0,600,361100,"B"
"MWG","09:54:44",42.7,0,400,360500,"B"
"MWG","09:54:36",42.7,0,100,360100,"B"
"MWG","09:54:14",42.7,0,1000,360000,"B"
"MWG","09:54:04",42.7,0,6000,359000,"B"
"MWG","09:53:43",42.7,0,1000,353000,"B"
"MWG","09:53:18",42.7,0,700,352000,"B"
"MWG","09:53:15",42.75,0.05,200,351300,"S"
"MWG","09:53:12",42.7,0,1000,351100,"B"
"MWG","09:52:52",42.75,0.05,1000,350100,"S"
"MWG","09:52:41",42.7,0,1000,349100,"B"
"MWG","09:52:10",42.7,0,1000,348100,"B"
"MWG","09:51:50",42.7,0,2100,347100,"B"
"MWG","09:51:45",42.7,0,200,345000,"B"
"MWG","09:51:39",42.7,0,1000,344800,"B"
"MWG","09:51:25",42.7,0,300,343800,"B"
"MWG","09:51:08",42.7,0,1000,343500,"B"
"MWG","09:50:45",42.7,0,500,342500,"B"
"MWG","09:50:37",42.7,0,1000,342000,"B"
"MWG","09:50:28",42.7,0,1000,341000,"B"
"MWG","09:50:25",42.7,0,300,340000,"B"
"MWG","09:50:10",42.7,0,200,339700,"B"
"MWG","09:50:07",42.7,0,1000,339500,"B"
"MWG","09:49:45",42.7,0,400,338500,"B"
"MWG","09:49:44",42.7,0,700,338100,"B"
"MWG","09:49:41",42.75,0.05,1000,337400,"S"
"MWG","09:49:35",42.7,0,1000,336400,"B"
"MWG","09:49:30",42.7,0,1500,335400,"B"
"MWG","09:49:28",42.75,0.05,1100,333900,"S"
"MWG","09:49:25",42.7,0,500,332800,"B"
"MWG","09:49:09",42.7,0,1800,332300,"B"
"MWG","09:49:07",42.7,0,200,330500,"B"
"MWG","09:49:05",42.7,0,300,330300,"B"
"MWG","09:49:04",42.7,0,1000,330000,"B"
"MWG","09:48:45",42.7,0,1500,329000,"B"
"MWG","09:48:39",42.7,0,5000,327500,"B"
"MWG","09:48:33",42.7,0,900,322500,"B"
"MWG","09:48:24",42.7,0,700,321600,"B"
"MWG","09:48:15",42.7,0,2000,320900,"B"
"MWG","09:48:14",42.7,0,700,318900,"B"
"MWG","09:48:11",42.75,0.05,100,318200,"S"
"MWG","09:48:05",42.7,0,3500,318100,"B"
"MWG","09:48:03",42.7,0,900,314600,"B"
"MWG","09:47:52",42.7,0,7900,313700,"B"
"MWG","09:47:49",42.7,0,300,305800,"B"
"MWG","09:47:49",42.7,0,2500,305500,"B"
"MWG","09:47:49",42.75,0.05,2700,303000,"S"
"MWG","09:47:44",42.7,0,3600,300300,"B"
"MWG","09:47:41",42.7,0,7900,296700,"B"
"MWG","09:47:32",42.7,0,900,288800,"B"
"MWG","09:47:30",42.75,0.05,200,287900,"S"
"MWG","09:47:28",42.75,0.05,5300,287700,"B"
"MWG","09:47:24",42.75,0.05,1500,282400,"B"
"MWG","09:47:20",42.8,0.1,300,280900,"S"
"MWG","09:47:09",42.8,0.1,5500,280600,"B"
"MWG","09:47:05",42.8,0.1,300,275100,"B"
"MWG","09:47:03",42.8,0.1,200,274800,"S"
"MWG","09:47:01",42.75,0.05,900,274600,"B"
"MWG","09:46:46",42.8,0.1,200,273700,"S"
"MWG","09:46:45",42.75,0.05,200,273500,"B"
"MWG","09:46:30",42.75,0.05,900,273300,"B"
"MWG","09:46:24",42.75,0.05,800,272400,"B"
"MWG","09:46:19",42.8,0.1,2000,271600,"S"
"MWG","09:46:05",42.8,0.1,1000,269600,"S"
"MWG","09:46:04",42.75,0.05,400,268600,"B"
"MWG","09:46:00",42.75,0.05,900,268200,"B"
"MWG","09:45:56",42.8,0.1,800,267300,"S"
"MWG","09:45:46",42.8,0.1,100,266500,"S"
"MWG","09:45:44",42.75,0.05,400,266400,"B"
"MWG","09:45:30",42.75,0.05,600,266000,"S"
"MWG","09:45:29",42.7,0,900,265400,"B"
"MWG","09:45:24",42.7,0,2100,264500,"B"
"MWG","09:45:21",42.75,0.05,100,262400,"S"
"MWG","09:45:18",42.75,0.05,8300,262300,"B"
"MWG","09:45:08",42.75,0.05,100,254000,"B"
"MWG","09:45:04",42.75,0.05,200,253900,"B"
"MWG","09:44:58",42.75,0.05,900,253700,"B"
"MWG","09:44:44",42.75,0.05,300,252800,"B"
"MWG","09:44:34",42.75,0.05,200,252500,"B"
"MWG","09:44:27",42.75,0.05,900,252300,"B"
"MWG","09:44:24",42.75,0.05,1100,251400,"B"
"MWG","09:44:12",42.75,0.05,100,250300,"B"
"MWG","09:44:11",42.75,0.05,2300,250200,"B"
"MWG","09:44:11",42.75,0.05,2000,247900,"B"
"MWG","09:44:04",42.75,0.05,300,245900,"B"
"MWG","09:43:57",42.75,0.05,900,245600,"B"
"MWG","09:43:54",42.75,0.05,300,244700,"B"
"MWG","09:43:44",42.75,0.05,200,244400,"B"
"MWG","09:43:26",42.75,0.05,900,244200,"B"
"MWG","09:43:04",42.75,0.05,500,243300,"B"
"MWG","09:42:55",42.75,0.05,900,242800,"B"
"MWG","09:42:50",42.8,0.1,800,241900,"S"
"MWG","09:42:45",42.75,0.05,500,241100,"B"
"MWG","09:42:41",42.8,0.1,1100,240600,"S"
"MWG","09:42:33",42.75,0.05,100,239500,"B"
"MWG","09:42:25",42.75,0.05,900,239400,"B"
"MWG","09:42:24",42.75,0.05,1000,238500,"B"
"MWG","09:42:16",42.8,0.1,100,237500,"S"
"MWG","09:42:15",42.8,0.1,1000,237400,"S"
"MWG","09:42:14",42.8,0.1,3000,236400,"S"
"MWG","09:42:06",42.8,0.1,200,233400,"S"
"MWG","09:42:04",42.8,0.1,1300,233200,"B"
"MWG","09:42:01",42.85,0.15,4900,231900,"S"
"MWG","09:41:54",42.8,0.1,900,227000,"B"
"MWG","09:41:24",42.8,0.1,400,226100,"B"
"MWG","09:41:24",42.8,0.1,900,225700,"B"
"MWG","09:41:12",42.8,0.1,100,224200,"B"
"MWG","09:41:04",42.8,0.1,2900,224100,"B"
"MWG","09:40:56",42.85,0.15,200,221200,"S"
"MWG","09:40:53",42.8,0.1,900,221000,"B"
"MWG","09:40:50",42.85,0.15,100,220100,"S"
"MWG","09:40:24",42.85,0.15,1700,220000,"B"
"MWG","09:40:23",42.85,0.15,900,218300,"B"
"MWG","09:40:18",42.9,0.2,10000,217400,"S"
"MWG","09:40:12",42.85,0.15,8100,207400,"S"
"MWG","09:40:07",42.8,0.1,300,199300,"B"
"MWG","09:39:52",42.8,0.1,900,199000,"B"
"MWG","09:39:24",42.8,0.1,600,198100,"B"
"MWG","09:39:21",42.8,0.1,900,197500,"B"
"MWG","09:39:17",42.9,0.2,1000,196600,"S"
"MWG","09:39:11",42.8,0.1,500,195600,"B"
"MWG","09:39:04",42.8,0.1,200,195100,"B"
"MWG","09:38:51",42.8,0.1,900,194900,"B"
"MWG","09:38:44",42.8,0.1,700,194000,"B"
"MWG","09:38:26",42.75,0.05,3000,193300,"B"
"MWG","09:38:24",42.75,0.05,800,190300,"B"
"MWG","09:38:21",42.75,0.05,900,189500,"B"
"MWG","09:38:16",42.8,0.1,100,188600,"S"
"MWG","09:38:04",42.8,0.1,400,188500,"B"
"MWG","09:38:03",42.8,0.1,2000,188100,"B"
"MWG","09:37:50",42.8,0.1,800,186100,"B"
"MWG","09:37:48",42.8,0.1,1000,185300,"B"
"MWG","09:37:47",42.8,0.1,200,184300,"B"
"MWG","09:37:44",42.8,0.1,600,184100,"B"
"MWG","09:37:39",42.8,0.1,2000,183500,"B"
"MWG","09:37:28",42.8,0.1,400,181500,"B"
"MWG","09:37:24",42.8,0.1,400,181100,"B"
"MWG","09:37:19",42.8,0.1,800,180700,"B"
"MWG","09:37:10",42.8,0.1,1000,179900,"B"
"MWG","09:37:04",42.8,0.1,1000,178900,"B"
"MWG","09:36:52",42.85,0.15,3000,177900,"B"
"MWG","09:36:48",42.85,0.15,800,174900,"B"
"MWG","09:36:24",42.85,0.15,1400,174100,"B"
"MWG","09:36:18",42.85,0.15,800,172700,"B"
"MWG","09:36:13",42.85,0.15,5000,171900,"B"
"MWG","09:36:06",42.9,0.2,100,166900,"S"
"MWG","09:36:04",42.85,0.15,700,166800,"B"
"MWG","09:35:53",42.9,0.2,600,166100,"S"
"MWG","09:35:53",42.85,0.15,400,165500,"S"
"MWG","09:35:47",42.8,0.1,800,165100,"B"
"MWG","09:35:44",42.8,0.1,1000,164300,"B"
"MWG","09:35:35",42.8,0.1,1000,163300,"B"
"MWG","09:35:33",42.8,0.1,500,162300,"B"
"MWG","09:35:25",42.8,0.1,200,161800,"S"
"MWG","09:35:18",42.8,0.1,4800,161600,"B"
"MWG","09:35:17",42.8,0.1,800,156800,"B"
"MWG","09:34:56",42.8,0.1,700,156000,"B"
"MWG","09:34:46",42.8,0.1,800,155300,"B"
"MWG","09:34:44",42.8,0.1,200,154500,"B"
"MWG","09:34:24",42.8,0.1,500,154300,"B"
"MWG","09:34:15",42.8,0.1,800,153800,"B"
"MWG","09:33:45",42.8,0.1,800,153000,"B"
"MWG","09:33:27",42.8,0.1,1000,152200,"B"
"MWG","09:33:15",42.8,0.1,500,151200,"B"
"MWG","09:33:15",42.8,0.1,800,150700,"B"
"MWG","09:32:43",42.8,0.1,600,149900,"B"
"MWG","09:32:43",42.85,0.15,200,149300,"B"
"MWG","09:32:42",42.9,0.2,100,149100,"S"
"MWG","09:32:29",42.9,0.2,1100,149000,"S"
"MWG","09:32:21",42.85,0.15,900,147900,"S"
"MWG","09:32:16",42.85,0.15,200,147000,"S"
"MWG","09:32:13",42.8,0.1,800,146800,"B"
"MWG","09:32:06",42.85,0.15,100,146000,"S"
"MWG","09:31:53",42.85,0.15,800,145900,"S"
"MWG","09:31:50",42.85,0.15,3000,145100,"S"
"MWG","09:31:42",42.8,0.1,800,142100,"B"
"MWG","09:31:14",42.8,0.1,5000,141300,"B"
"MWG","09:31:12",42.8,0.1,800,136300,"B"
"MWG","09:31:10",42.85,0.15,100,135500,"S"
"MWG","09:30:41",42.8,0.1,800,135400,"B"
"MWG","09:30:12",42.8,0.1,6600,134600,"S"
"MWG","09:30:11",42.7,0,800,128000,"B"
"MWG","09:29:42",42.8,0.1,500,127200,"S"
"MWG","09:29:41",42.65,-0.05,800,126700,"B"
"MWG","09:29:24",42.8,0.1,100,125900,"S"
"MWG","09:29:10",42.65,-0.05,800,125800,"B"
"MWG","09:29:05",42.8,0.1,200,125000,"S"
"MWG","09:29:05",42.75,0.05,400,124800,"S"
"MWG","09:29:05",42.7,0,400,124400,"S"
"MWG","09:29:04",42.7,0,700,124000,"S"
"MWG","09:28:43",42.7,0,300,123300,"S"
"MWG","09:28:40",42.65,-0.05,800,123000,"B"
"MWG","09:28:09",42.65,-0.05,800,122200,"B"
"MWG","09:28:02",42.7,0,500,121400,"B"
"MWG","09:28:01",42.7,0,13500,120900,"B"
"MWG","09:27:50",42.7,0,200,107400,"B"
"MWG","09:27:45",42.7,0,1000,107200,"B"
"MWG","09:27:40",42.7,0,200,106200,"B"
"MWG","09:27:39",42.7,0,800,106000,"B"
"MWG","09:27:30",42.7,0,100,105200,"B"
"MWG","09:27:21",42.7,0,500,105100,"B"
"MWG","09:27:10",42.7,0,200,104600,"B"
"MWG","09:27:08",42.7,0,800,104400,"B"
"MWG","09:26:40",42.7,0,200,103600,"B"
"MWG","09:26:38",42.7,0,700,103400,"B"
"MWG","09:26:38",42.75,0.05,100,102700,"B"
"MWG","09:26:10",42.7,0,200,102600,"B"
"MWG","09:26:07",42.7,0,800,102400,"B"
"MWG","09:25:50",42.7,0,300,101600,"B"
"MWG","09:25:42",42.8,0.1,800,101300,"S"
"MWG","09:25:42",42.75,0.05,300,100500,"S"
"MWG","09:25:39",42.7,0,200,100200,"B"
"MWG","09:25:36",42.7,0,500,100000,"B"
"MWG","09:25:36",42.75,0.05,300,99500,"B"
"MWG","09:25:10",42.75,0.05,300,99200,"B"
"MWG","09:25:06",42.75,0.05,800,98900,"B"
"MWG","09:25:01",42.8,0.1,200,98100,"S"
"MWG","09:24:59",42.8,0.1,100,97900,"S"
"MWG","09:24:40",42.8,0.1,100,97800,"B"
"MWG","09:24:36",42.8,0.1,800,97700,"B"
"MWG","09:24:30",42.8,0.1,1000,96900,"B"
"MWG","09:24:17",42.8,0.1,2900,95900,"B"
"MWG","09:24:05",42.8,0.1,800,93000,"B"
"MWG","09:24:02",42.85,0.15,11100,92200,"S"
"MWG","09:23:49",42.8,0.1,700,81100,"B"
"MWG","09:23:34",42.8,0.1,700,80400,"B"
"MWG","09:23:27",42.8,0.1,300,79700,"S"
"MWG","09:23:06",42.8,0.1,300,79400,"S"
"MWG","09:23:04",42.75,0.05,700,79100,"B"
"MWG","09:23:04",42.8,0.1,500,78400,"S"
"MWG","09:22:52",42.8,0.1,1600,77900,"S"
"MWG","09:22:44",42.75,0.05,8200,76300,"S"
"MWG","09:22:34",42.7,0,700,68100,"B"
"MWG","09:22:18",42.75,0.05,1000,67400,"S"
"MWG","09:22:04",42.7,0,700,66400,"B"
"MWG","09:21:54",42.7,0,100,65700,"B"
"MWG","09:21:49",42.7,0,100,65600,"B"
"MWG","09:21:33",42.7,0,700,65500,"B"
"MWG","09:21:32",42.7,0,2500,64800,"S"
"MWG","09:21:29",42.7,0,100,62300,"S"
"MWG","09:21:19",42.7,0,200,62200,"S"
"MWG","09:21:03",42.65,-0.05,700,62000,"B"
"MWG","09:21:02",42.7,0,4000,61300,"S"
"MWG","09:20:43",42.65,-0.05,200,57300,"B"
"MWG","09:20:43",42.65,-0.05,100,57100,"B"
"MWG","09:20:33",42.65,-0.05,700,57000,"B"
"MWG","09:20:29",42.65,-0.05,200,56300,"B"
"MWG","09:20:23",42.65,-0.05,100,56100,"S"
"MWG","09:20:08",42.65,-0.05,2500,56000,"S"
"MWG","09:20:07",42.65,-0.05,500,53500,"S"
"MWG","09:20:03",42.65,-0.05,300,53000,"S"
"MWG","09:20:02",42.65,-0.05,1700,52700,"S"
"MWG","09:19:58",42.65,-0.05,100,50300,"S"
"MWG","09:19:58",42.65,-0.05,100,50200,"S"
"MWG","09:19:53",42.65,-0.05,3000,50100,"S"
"MWG","09:19:42",42.7,0,800,47100,"S"
"MWG","09:19:32",42.6,-0.1,700,46300,"B"
"MWG","09:19:30",42.6,-0.1,200,45600,"B"
"MWG","09:19:11",42.7,0,500,45400,"S"
"MWG","09:19:02",42.6,-0.1,700,44900,"B"
"MWG","09:19:00",42.6,-0.1,1200,44200,"B"
"MWG","09:18:57",42.7,0,200,43000,"S"
"MWG","09:18:54",42.7,0,1000,42800,"S"
"MWG","09:18:37",42.6,-0.1,1400,41800,"S"
"MWG","09:18:37",42.6,-0.1,500,40400,"S"
"MWG","09:18:33",42.6,-0.1,3100,39900,"B"
"MWG","09:18:32",42.6,-0.1,100,36800,"B"
"MWG","09:18:31",42.65,-0.05,1400,36100,"B"
