"symbol","time","price","change","vol","total","side"
"PTB","14:45:02",56.5,-0.5,15900,161600,
"PTB","14:29:00",56.8,-0.2,200,145700,"S"
"PTB","14:28:24",56.7,-0.3,100,145500,"B"
"PTB","14:26:39",56.7,-0.3,100,145400,"B"
"PTB","14:26:01",56.7,-0.3,500,145300,"B"
"PTB","14:25:15",56.7,-0.3,500,144800,"B"
"PTB","14:23:25",56.7,-0.3,200,144300,"S"
"PTB","14:23:16",56.7,-0.3,4000,144100,"S"
"PTB","14:23:06",56.6,-0.4,400,140100,"S"
"PTB","14:22:36",56.6,-0.4,200,139700,"S"
"PTB","14:21:41",56.5,-0.5,500,139500,"B"
"PTB","14:21:12",56.6,-0.4,100,139000,"S"
"PTB","14:19:49",56.6,-0.4,800,138900,"B"
"PTB","14:19:26",56.6,-0.4,400,138100,"S"
"PTB","14:19:22",56.6,-0.4,100,137700,"S"
"PTB","14:17:11",56.7,-0.3,100,137600,"S"
"PTB","14:10:52",56.8,-0.2,400,137500,"S"
"PTB","14:10:39",56.8,-0.2,100,137100,"S"
"PTB","14:10:28",56.8,-0.2,200,137000,"S"
"PTB","14:10:18",56.8,-0.2,1000,136800,"S"
"PTB","14:10:03",56.8,-0.2,2000,135800,"S"
"PTB","14:09:45",56.8,-0.2,10000,133800,"S"
"PTB","14:08:52",56.7,-0.3,500,123800,"S"
"PTB","14:07:52",56.7,-0.3,100,123300,"B"
"PTB","14:05:29",56.8,-0.2,100,123200,"S"
"PTB","14:05:18",56.8,-0.2,400,123100,"S"
"PTB","14:04:20",56.7,-0.3,600,122700,"S"
"PTB","14:02:33",56.7,-0.3,100,122100,"S"
"PTB","14:00:16",56.7,-0.3,300,122000,"B"
"PTB","14:00:08",56.7,-0.3,100,121700,"B"
"PTB","13:59:19",56.7,-0.3,1000,121600,"B"
"PTB","13:58:50",56.7,-0.3,2000,120600,"B"
"PTB","13:58:17",56.7,-0.3,2000,118600,"B"
"PTB","13:57:26",56.7,-0.3,1500,116600,"B"
"PTB","13:48:31",57,0,1200,115100,"S"
"PTB","13:48:02",56.9,-0.1,1000,113900,"S"
"PTB","13:47:37",56.9,-0.1,2000,112900,"S"
"PTB","13:47:25",56.9,-0.1,2000,110900,"S"
"PTB","13:46:16",56.9,-0.1,9500,108900,"S"
"PTB","13:45:41",56.9,-0.1,2000,98900,"S"
"PTB","13:45:20",56.9,-0.1,1900,96900,"S"
"PTB","13:44:44",56.9,-0.1,700,94900,"S"
"PTB","13:44:44",56.8,-0.2,500,94200,"S"
"PTB","13:43:52",56.9,-0.1,900,93700,"S"
"PTB","13:43:52",56.8,-0.2,100,92800,"S"
"PTB","13:43:24",56.8,-0.2,2000,92700,"S"
"PTB","13:42:46",56.8,-0.2,2000,90700,"S"
"PTB","13:42:19",56.7,-0.3,1000,88700,"B"
"PTB","13:42:13",56.7,-0.3,500,87700,"B"
"PTB","13:38:30",56.7,-0.3,100,87200,"B"
"PTB","13:38:08",56.7,-0.3,600,87100,"S"
"PTB","13:38:08",56.6,-0.4,200,86500,"S"
"PTB","13:35:15",56.5,-0.5,300,86300,"B"
"PTB","13:34:18",56.9,-0.1,400,86000,"S"
"PTB","13:34:06",56.8,-0.2,100,85600,"S"
"PTB","13:33:27",56.5,-0.5,700,85500,"S"
"PTB","13:31:09",56.4,-0.6,400,84800,"B"
"PTB","13:30:49",56.4,-0.6,500,84400,"B"
"PTB","13:30:15",56.4,-0.6,1100,83900,"S"
"PTB","13:30:00",56.3,-0.7,500,82800,"B"
"PTB","13:29:48",56.3,-0.7,700,82300,"S"
"PTB","13:29:19",56.1,-0.9,500,81600,"B"
"PTB","13:29:19",56.2,-0.8,500,81100,"B"
"PTB","13:29:12",56.2,-0.8,500,80600,"S"
"PTB","13:28:44",56.2,-0.8,100,80100,"S"
"PTB","13:28:37",56.2,-0.8,100,80000,"S"
"PTB","13:28:19",56.2,-0.8,2800,79900,"B"
"PTB","13:27:51",56.3,-0.7,100,77100,"S"
"PTB","13:26:58",56.2,-0.8,500,77000,"S"
"PTB","13:24:56",56.3,-0.7,100,76500,"S"
"PTB","13:23:23",56.1,-0.9,4200,76400,"B"
"PTB","13:23:07",56.2,-0.8,200,72200,"B"
"PTB","13:20:53",56.2,-0.8,1500,72000,"B"
"PTB","13:17:34",56.3,-0.7,200,70500,"B"
"PTB","13:16:29",56.3,-0.7,700,70300,"S"
"PTB","13:14:09",56.2,-0.8,200,69600,"B"
"PTB","13:14:07",56.2,-0.8,500,69400,"B"
"PTB","13:13:33",56.3,-0.7,100,68900,"S"
"PTB","13:08:49",56.3,-0.7,400,68800,"S"
"PTB","13:07:47",56.1,-0.9,2200,68400,"B"
"PTB","13:06:33",56.1,-0.9,2000,66200,"B"
"PTB","13:06:15",56.1,-0.9,900,64200,"B"
"PTB","13:05:10",56.1,-0.9,700,63300,"B"
"PTB","13:04:43",56.1,-0.9,5000,62600,"B"
"PTB","13:04:30",56.1,-0.9,800,57600,"B"
"PTB","13:04:30",56.2,-0.8,3500,56800,"B"
"PTB","13:04:30",56.3,-0.7,700,53300,"B"
"PTB","13:03:52",56.3,-0.7,300,52600,"S"
"PTB","13:03:22",56.3,-0.7,100,52300,"S"
"PTB","13:02:16",56.2,-0.8,1000,52200,"B"
"PTB","13:00:10",56.2,-0.8,1400,51200,"B"
"PTB","13:00:05",56.2,-0.8,600,49800,"B"
"PTB","13:00:00",56.3,-0.7,200,49200,"S"
"PTB","11:28:14",56.2,-0.8,5000,49000,"B"
"PTB","11:28:01",56.2,-0.8,2600,44000,"B"
"PTB","11:28:01",56.3,-0.7,1400,41400,"B"
"PTB","11:28:00",56.3,-0.7,1000,40000,"B"
"PTB","11:27:04",56.3,-0.7,600,39000,"B"
"PTB","11:26:13",56.3,-0.7,600,38400,"B"
"PTB","11:25:49",56.4,-0.6,400,37800,"S"
"PTB","11:23:11",56.3,-0.7,600,37400,"B"
"PTB","11:21:55",56.3,-0.7,600,36800,"B"
"PTB","11:20:39",56.3,-0.7,600,36200,"B"
"PTB","11:20:00",56.3,-0.7,500,35600,"B"
"PTB","11:18:47",56.3,-0.7,500,35100,"B"
"PTB","11:07:48",56.4,-0.6,100,34600,"B"
"PTB","11:04:45",56.4,-0.6,500,34500,"B"
"PTB","11:04:32",56.4,-0.6,500,34000,"S"
"PTB","11:02:42",56.5,-0.5,100,33500,"S"
"PTB","11:02:14",56.5,-0.5,100,33400,"S"
"PTB","11:02:01",56.5,-0.5,100,33300,"S"
"PTB","11:02:01",56.4,-0.6,300,33200,"S"
"PTB","11:01:32",56.4,-0.6,200,32900,"B"
"PTB","10:58:55",56.3,-0.7,300,32700,"S"
"PTB","10:58:29",56.3,-0.7,100,32400,"S"
"PTB","10:58:03",56.3,-0.7,4600,32300,"B"
"PTB","10:56:02",56.4,-0.6,2000,27700,"B"
"PTB","10:54:53",56.4,-0.6,3000,25700,"B"
"PTB","10:53:57",56.4,-0.6,2900,22700,"B"
"PTB","10:52:41",56.5,-0.5,500,19800,"B"
"PTB","10:52:11",56.5,-0.5,500,19300,"S"
"PTB","10:51:53",56.5,-0.5,400,18800,"B"
"PTB","10:51:13",56.5,-0.5,500,18400,"B"
"PTB","10:50:14",56.5,-0.5,700,17900,"B"
"PTB","10:48:58",56.5,-0.5,500,17200,"B"
"PTB","10:46:06",56.6,-0.4,100,16700,"S"
"PTB","10:38:15",56.7,-0.3,400,16600,"S"
"PTB","10:37:26",56.5,-0.5,100,16200,"S"
"PTB","10:37:23",56.5,-0.5,100,16100,"S"
"PTB","10:34:55",56.4,-0.6,100,16000,"B"
"PTB","10:33:17",56.4,-0.6,500,15900,"B"
"PTB","10:32:45",56.8,-0.2,500,15400,"S"
"PTB","10:20:03",56.4,-0.6,2000,14900,"B"
"PTB","10:19:39",56.4,-0.6,2900,12900,"B"
"PTB","10:19:39",56.5,-0.5,800,10000,"B"
"PTB","10:19:39",56.6,-0.4,300,9200,"B"
"PTB","10:16:13",56.5,-0.5,3400,8900,"B"
"PTB","10:16:13",56.7,-0.3,300,3200,"B"
"PTB","10:11:27",56.8,-0.2,400,2900,"S"
"PTB","09:46:25",57,0,400,2500,"S"
"PTB","09:44:40",57,0,500,2100,"S"
"PTB","09:31:05",57,0,100,1600,"B"
"PTB","09:28:05",57.2,0.2,500,1500,"S"
"PTB","09:27:33",57.2,0.2,500,1000,"S"
"PTB","09:24:54",57.2,0.2,400,500,"S"
"PTB","09:15:01",57,0,100,100,
