"symbol","time","price","change","vol","total","side"
"VCI","14:45:01",41.8,-0.9,478100,7148500,
"VCI","14:29:59",41.9,-0.8,1000,6670400,"S"
"VCI","14:29:59",41.85,-0.85,10000,6669400,"B"
"VCI","14:29:58",41.9,-0.8,2600,6659400,"S"
"VCI","14:29:56",41.9,-0.8,100,6656800,"S"
"VCI","14:29:55",41.95,-0.75,300,6656700,"B"
"VCI","14:29:53",41.95,-0.75,2100,6656400,"S"
"VCI","14:29:53",41.9,-0.8,2600,6654300,"S"
"VCI","14:29:51",41.85,-0.85,3000,6651700,"B"
"VCI","14:29:51",41.95,-0.75,900,6648700,"S"
"VCI","14:29:49",41.9,-0.8,100,6646800,"S"
"VCI","14:29:47",41.9,-0.8,500,6646700,"S"
"VCI","14:29:45",41.9,-0.8,2400,6646200,"B"
"VCI","14:29:41",41.9,-0.8,1000,6643800,"B"
"VCI","14:29:38",41.9,-0.8,10600,6642800,"S"
"VCI","14:29:36",41.85,-0.85,17800,6632200,"B"
"VCI","14:29:34",41.85,-0.85,100,6614400,"B"
"VCI","14:29:33",41.85,-0.85,2600,6614300,"B"
"VCI","14:29:33",41.9,-0.8,200,6611700,"S"
"VCI","14:29:32",41.85,-0.85,200,6611500,"B"
"VCI","14:29:31",41.9,-0.8,200,6611300,"S"
"VCI","14:29:29",41.85,-0.85,1100,6611100,"B"
"VCI","14:29:26",41.85,-0.85,3000,6610000,"B"
"VCI","14:29:25",41.85,-0.85,1000,6607000,"B"
"VCI","14:29:22",41.85,-0.85,4700,6606000,"B"
"VCI","14:29:20",41.9,-0.8,500,6601300,"B"
"VCI","14:29:08",41.85,-0.85,8000,6600800,"B"
"VCI","14:29:08",41.9,-0.8,1300,6592800,"B"
"VCI","14:29:02",41.9,-0.8,9900,6591500,"B"
"VCI","14:29:02",41.95,-0.75,600,6581600,"B"
"VCI","14:28:58",41.95,-0.75,400,6581000,"S"
"VCI","14:28:54",41.95,-0.75,1600,6580600,"B"
"VCI","14:28:54",41.95,-0.75,600,6579000,"B"
"VCI","14:28:47",41.95,-0.75,200,6578400,"B"
"VCI","14:28:45",41.95,-0.75,2400,6578200,"B"
"VCI","14:28:42",42,-0.7,20000,6575800,"S"
"VCI","14:28:37",41.95,-0.75,10000,6555800,"B"
"VCI","14:28:33",41.95,-0.75,20500,6545800,"B"
"VCI","14:28:32",42,-0.7,1000,6525300,"S"
"VCI","14:28:20",41.95,-0.75,10000,6524300,"B"
"VCI","14:28:18",41.95,-0.75,3200,6514300,"S"
"VCI","14:28:15",41.95,-0.75,500,6511100,"S"
"VCI","14:28:14",41.95,-0.75,6300,6510600,"B"
"VCI","14:28:13",41.95,-0.75,15000,6504300,"B"
"VCI","14:28:12",41.95,-0.75,600,6489300,"B"
"VCI","14:28:08",42,-0.7,500,6488700,"S"
"VCI","14:28:08",41.95,-0.75,500,6488200,"B"
"VCI","14:28:03",41.95,-0.75,10000,6487700,"B"
"VCI","14:27:53",41.95,-0.75,5000,6477700,"B"
"VCI","14:27:46",41.95,-0.75,5000,6472700,"B"
"VCI","14:27:44",41.95,-0.75,10800,6467700,"S"
"VCI","14:27:42",41.95,-0.75,1000,6456900,"S"
"VCI","14:27:29",41.95,-0.75,1000,6455900,"S"
"VCI","14:27:13",41.95,-0.75,2000,6454900,"S"
"VCI","14:27:07",41.9,-0.8,200,6452900,"B"
"VCI","14:26:55",41.9,-0.8,500,6452700,"B"
"VCI","14:26:50",41.95,-0.75,10000,6452200,"S"
"VCI","14:26:46",41.95,-0.75,500,6442200,"S"
"VCI","14:26:39",41.9,-0.8,800,6441700,"B"
"VCI","14:26:32",41.9,-0.8,1200,6440900,"B"
"VCI","14:26:29",41.9,-0.8,15000,6439700,"B"
"VCI","14:26:28",41.95,-0.75,1000,6424700,"S"
"VCI","14:26:23",41.95,-0.75,100,6423700,"S"
"VCI","14:26:18",41.95,-0.75,200,6423600,"S"
"VCI","14:26:13",41.95,-0.75,500,6423400,"S"
"VCI","14:25:58",41.95,-0.75,1000,6422900,"S"
"VCI","14:25:50",41.9,-0.8,400,6421900,"B"
"VCI","14:25:48",41.9,-0.8,2000,6421500,"B"
"VCI","14:25:33",41.9,-0.8,1200,6419500,"B"
"VCI","14:25:26",41.9,-0.8,2000,6418300,"B"
"VCI","14:25:17",41.9,-0.8,500,6416300,"B"
"VCI","14:25:15",41.9,-0.8,10000,6415800,"B"
"VCI","14:25:14",41.9,-0.8,300,6405800,"B"
"VCI","14:25:07",41.9,-0.8,700,6405500,"B"
"VCI","14:25:03",41.9,-0.8,500,6404800,"B"
"VCI","14:24:58",41.85,-0.85,800,6404300,"B"
"VCI","14:24:58",41.9,-0.8,1200,6403500,"B"
"VCI","14:24:58",41.9,-0.8,300,6402300,"B"
"VCI","14:24:49",41.9,-0.8,500,6402000,"B"
"VCI","14:24:41",41.85,-0.85,39900,6401500,"B"
"VCI","14:24:41",41.9,-0.8,100,6361600,"B"
"VCI","14:24:40",41.9,-0.8,100,6361500,"S"
"VCI","14:24:39",41.9,-0.8,500,6361400,"S"
"VCI","14:24:36",41.9,-0.8,1000,6360900,"S"
"VCI","14:24:32",41.9,-0.8,1000,6359900,"S"
"VCI","14:24:24",41.9,-0.8,100,6358900,"S"
"VCI","14:24:24",41.9,-0.8,1500,6358800,"S"
"VCI","14:24:21",41.9,-0.8,6200,6357300,"B"
"VCI","14:24:20",41.95,-0.75,500,6351100,"S"
"VCI","14:24:12",41.9,-0.8,1100,6350600,"S"
"VCI","14:24:09",41.9,-0.8,100,6349500,"S"
"VCI","14:24:08",41.9,-0.8,1000,6349400,"S"
"VCI","14:24:07",41.9,-0.8,2000,6348400,"S"
"VCI","14:24:04",41.9,-0.8,500,6346400,"S"
"VCI","14:23:55",41.9,-0.8,2000,6345900,"S"
"VCI","14:23:52",41.9,-0.8,500,6343900,"S"
"VCI","14:23:49",41.9,-0.8,400,6343400,"S"
"VCI","14:23:46",41.9,-0.8,100,6343000,"S"
"VCI","14:23:45",41.9,-0.8,1400,6342900,"S"
"VCI","14:23:45",41.9,-0.8,1400,6341500,"S"
"VCI","14:23:45",41.85,-0.85,500,6340100,"S"
"VCI","14:23:43",41.85,-0.85,29500,6339600,"B"
"VCI","14:23:42",41.9,-0.8,100,6310100,"S"
"VCI","14:23:32",41.9,-0.8,200,6310000,"S"
"VCI","14:23:30",41.85,-0.85,53000,6309800,"S"
"VCI","14:23:29",41.8,-0.9,5000,6256800,"B"
"VCI","14:23:28",41.8,-0.9,500,6251800,"B"
"VCI","14:23:24",41.8,-0.9,30000,6251300,"B"
"VCI","14:23:19",41.8,-0.9,100,6220100,"B"
"VCI","14:23:11",41.8,-0.9,3000,6220000,"B"
"VCI","14:23:10",41.85,-0.85,500,6217000,"S"
"VCI","14:23:07",41.85,-0.85,500,6216500,"S"
"VCI","14:22:54",41.8,-0.9,500,6216000,"B"
"VCI","14:22:44",41.8,-0.9,5800,6215500,"S"
"VCI","14:22:42",41.8,-0.9,4500,6209700,"S"
"VCI","14:22:40",41.8,-0.9,5000,6205200,"S"
"VCI","14:22:39",41.8,-0.9,6200,6200200,"S"
"VCI","14:22:38",41.8,-0.9,2000,6194000,"S"
"VCI","14:22:36",41.8,-0.9,700,6192000,"S"
"VCI","14:22:35",41.8,-0.9,15000,6191300,"S"
"VCI","14:22:34",41.8,-0.9,400,6176300,"S"
"VCI","14:22:31",41.8,-0.9,3200,6175900,"S"
"VCI","14:22:29",41.8,-0.9,500,6172700,"S"
"VCI","14:22:28",41.8,-0.9,5000,6172200,"S"
"VCI","14:22:21",41.8,-0.9,1300,6167200,"S"
"VCI","14:22:19",41.75,-0.95,2000,6165900,"B"
"VCI","14:22:11",41.8,-0.9,1500,6163700,"S"
"VCI","14:22:06",41.75,-0.95,500,6162200,"B"
"VCI","14:22:00",41.75,-0.95,100,6161700,"B"
"VCI","14:21:44",41.75,-0.95,13400,6161600,"S"
"VCI","14:21:41",41.7,-1,500,6148200,"B"
"VCI","14:21:39",41.75,-0.95,5300,6147700,"S"
"VCI","14:21:35",41.75,-0.95,100,6142400,"S"
"VCI","14:21:34",41.75,-0.95,600,6142300,"S"
"VCI","14:21:33",41.75,-0.95,1100,6141700,"S"
"VCI","14:21:31",41.75,-0.95,500,6140600,"S"
"VCI","14:21:26",41.8,-0.9,1500,6140100,"S"
"VCI","14:21:26",41.75,-0.95,200,6138600,"S"
"VCI","14:21:25",41.75,-0.95,100,6138400,"S"
"VCI","14:21:24",41.75,-0.95,19700,6138300,"B"
"VCI","14:21:24",41.8,-0.9,4600,6118600,"S"
"VCI","14:21:24",41.75,-0.95,1000,6114000,"B"
"VCI","14:21:12",41.8,-0.9,1000,6113000,"S"
"VCI","14:21:11",41.8,-0.9,500,6112000,"S"
"VCI","14:21:07",41.75,-0.95,1000,6111500,"S"
"VCI","14:21:05",41.8,-0.9,26800,6110500,"S"
"VCI","14:21:05",41.75,-0.95,33200,6083700,"S"
"VCI","14:21:04",41.75,-0.95,500,6050500,"S"
"VCI","14:21:03",41.75,-0.95,3000,6050000,"S"
"VCI","14:21:00",41.75,-0.95,1000,6047000,"S"
"VCI","14:20:58",41.75,-0.95,200,6046000,"S"
"VCI","14:20:56",41.75,-0.95,13100,6045800,"B"
"VCI","14:20:55",41.75,-0.95,3000,6032700,"B"
"VCI","14:20:53",41.75,-0.95,1500,6029700,"B"
"VCI","14:20:46",41.75,-0.95,200,6028200,"B"
"VCI","14:20:43",41.75,-0.95,100,6028000,"B"
"VCI","14:20:38",41.75,-0.95,500,6027900,"B"
"VCI","14:20:33",41.75,-0.95,100,6027400,"B"
"VCI","14:20:28",41.75,-0.95,5000,6027300,"B"
"VCI","14:20:27",41.75,-0.95,500,6022300,"B"
"VCI","14:20:26",41.75,-0.95,15300,6021800,"S"
"VCI","14:20:25",41.75,-0.95,100,6006500,"S"
"VCI","14:20:24",41.75,-0.95,2000,6006400,"S"
"VCI","14:20:22",41.75,-0.95,6600,6004400,"B"
"VCI","14:20:12",41.75,-0.95,900,5997800,"B"
"VCI","14:20:11",41.75,-0.95,500,5996900,"B"
"VCI","14:20:11",41.75,-0.95,700,5996400,"B"
"VCI","14:20:10",41.75,-0.95,500,5995700,"B"
"VCI","14:20:05",41.75,-0.95,500,5995200,"B"
"VCI","14:20:01",41.7,-1,1900,5994700,"B"
"VCI","14:20:01",41.75,-0.95,100,5992800,"B"
"VCI","14:19:59",41.75,-0.95,400,5992700,"S"
"VCI","14:19:58",41.75,-0.95,4600,5992300,"B"
"VCI","14:19:57",41.75,-0.95,900,5987700,"S"
"VCI","14:19:56",41.75,-0.95,1200,5986800,"S"
"VCI","14:19:54",41.75,-0.95,200,5985600,"S"
"VCI","14:19:52",41.75,-0.95,1000,5985400,"S"
"VCI","14:19:51",41.75,-0.95,2000,5984400,"S"
"VCI","14:19:51",41.75,-0.95,500,5982400,"S"
"VCI","14:19:50",41.75,-0.95,500,5981900,"S"
"VCI","14:19:49",41.75,-0.95,4500,5981400,"B"
"VCI","14:19:48",41.75,-0.95,1000,5976900,"B"
"VCI","14:19:46",41.75,-0.95,9000,5975900,"B"
"VCI","14:19:44",41.75,-0.95,13500,5966900,"B"
"VCI","14:19:37",41.75,-0.95,5000,5953400,"B"
"VCI","14:19:36",41.75,-0.95,700,5948400,"B"
"VCI","14:19:33",41.75,-0.95,2000,5947700,"B"
"VCI","14:19:26",41.75,-0.95,200,5945700,"B"
"VCI","14:19:24",41.75,-0.95,500,5945500,"B"
"VCI","14:19:23",41.8,-0.9,700,5945000,"S"
"VCI","14:19:16",41.75,-0.95,300,5944300,"S"
"VCI","14:19:16",41.7,-1,2700,5944000,"B"
"VCI","14:19:16",41.75,-0.95,7300,5941300,"B"
"VCI","14:19:14",41.75,-0.95,3300,5934000,"B"
"VCI","14:19:09",41.75,-0.95,5400,5930700,"B"
"VCI","14:19:07",41.8,-0.9,500,5925300,"S"
"VCI","14:19:06",41.75,-0.95,200,5924800,"B"
"VCI","14:18:57",41.75,-0.95,6000,5924600,"B"
"VCI","14:18:51",41.7,-1,9500,5918600,"B"
"VCI","14:18:51",41.75,-0.95,500,5909100,"B"
"VCI","14:18:50",41.75,-0.95,22000,5908600,"S"
"VCI","14:18:49",41.75,-0.95,2000,5886600,"S"
"VCI","14:18:45",41.75,-0.95,5000,5884600,"S"
"VCI","14:18:45",41.7,-1,200,5879600,"B"
"VCI","14:18:43",41.75,-0.95,200,5879400,"S"
"VCI","14:18:40",41.75,-0.95,5000,5879200,"S"
"VCI","14:18:37",41.75,-0.95,500,5874200,"S"
"VCI","14:18:36",41.7,-1,1000,5873700,"B"
"VCI","14:18:35",41.75,-0.95,5000,5872700,"S"
"VCI","14:18:34",41.7,-1,1500,5867700,"B"
"VCI","14:18:30",41.75,-0.95,100,5866200,"S"
"VCI","14:18:28",41.7,-1,500,5866100,"B"
"VCI","14:18:26",41.75,-0.95,3000,5865600,"S"
"VCI","14:18:25",41.75,-0.95,100,5862600,"S"
"VCI","14:18:24",41.75,-0.95,1200,5862500,"S"
"VCI","14:18:22",41.7,-1,15000,5861300,"B"
"VCI","14:18:07",41.75,-0.95,1000,5846300,"S"
"VCI","14:18:06",41.7,-1,400,5845300,"B"
"VCI","14:17:57",41.75,-0.95,500,5844900,"S"
"VCI","14:17:56",41.7,-1,5500,5844400,"B"
"VCI","14:17:56",41.7,-1,600,5838900,"S"
"VCI","14:17:55",41.7,-1,300,5838300,"S"
"VCI","14:17:54",41.7,-1,3000,5838000,"S"
"VCI","14:17:53",41.7,-1,1000,5835000,"S"
"VCI","14:17:52",41.7,-1,1400,5834000,"S"
"VCI","14:17:51",41.7,-1,900,5832600,"S"
"VCI","14:17:51",41.7,-1,100,5831700,"S"
"VCI","14:17:50",41.7,-1,200,5831600,"S"
"VCI","14:17:48",41.7,-1,5800,5831400,"B"
"VCI","14:17:47",41.7,-1,9000,5825600,"B"
"VCI","14:17:47",41.75,-0.95,200,5816600,"S"
"VCI","14:17:46",41.75,-0.95,2000,5816400,"S"
"VCI","14:17:43",41.75,-0.95,1000,5814400,"S"
"VCI","14:17:42",41.75,-0.95,12300,5813400,"B"
"VCI","14:17:40",41.75,-0.95,12900,5801100,"S"
"VCI","14:17:40",41.7,-1,50000,5788200,"B"
"VCI","14:17:39",41.7,-1,500,5738200,"B"
"VCI","14:17:38",41.7,-1,100,5737700,"B"
"VCI","14:17:36",41.75,-0.95,100,5737600,"S"
"VCI","14:17:35",41.75,-0.95,100,5737500,"S"
"VCI","14:17:34",41.75,-0.95,700,5737400,"S"
"VCI","14:17:33",41.75,-0.95,5000,5736700,"S"
"VCI","14:17:33",41.75,-0.95,2000,5731700,"S"
"VCI","14:17:32",41.75,-0.95,400,5729700,"S"
"VCI","14:17:31",41.75,-0.95,200,5729300,"S"
"VCI","14:17:29",41.75,-0.95,6000,5729100,"S"
"VCI","14:17:26",41.75,-0.95,3000,5723100,"S"
"VCI","14:17:25",41.75,-0.95,1000,5720100,"S"
"VCI","14:17:22",41.75,-0.95,500,5719100,"S"
"VCI","14:17:20",41.75,-0.95,200,5718600,"S"
"VCI","14:17:20",41.7,-1,16000,5718400,"B"
"VCI","14:17:17",41.75,-0.95,600,5702400,"B"
"VCI","14:17:16",41.75,-0.95,300,5701800,"B"
"VCI","14:17:16",41.75,-0.95,3000,5701500,"B"
"VCI","14:17:12",41.8,-0.9,700,5698500,"S"
"VCI","14:17:10",41.75,-0.95,8800,5697800,"S"
"VCI","14:17:09",41.7,-1,3000,5689000,"B"
"VCI","14:17:06",41.75,-0.95,20000,5686000,"S"
"VCI","14:17:05",41.75,-0.95,100,5666000,"S"
"VCI","14:17:04",41.75,-0.95,500,5665900,"S"
"VCI","14:17:04",41.7,-1,500,5665400,"B"
"VCI","14:17:01",41.7,-1,800,5664900,"B"
"VCI","14:16:59",41.75,-0.95,1000,5664100,"S"
"VCI","14:16:54",41.75,-0.95,1000,5663100,"S"
"VCI","14:16:52",41.75,-0.95,2300,5662100,"S"
"VCI","14:16:49",41.75,-0.95,100,5659800,"S"
"VCI","14:16:48",41.75,-0.95,100,5659700,"S"
"VCI","14:16:46",41.75,-0.95,5000,5659600,"S"
"VCI","14:16:46",41.75,-0.95,2000,5654600,"S"
"VCI","14:16:45",41.75,-0.95,5500,5652600,"S"
"VCI","14:16:44",41.75,-0.95,8500,5647100,"B"
"VCI","14:16:42",41.75,-0.95,300,5638600,"B"
"VCI","14:16:41",41.75,-0.95,2000,5638300,"B"
"VCI","14:16:39",41.75,-0.95,300,5636300,"B"
"VCI","14:16:39",41.75,-0.95,3000,5636000,"B"
"VCI","14:16:38",41.75,-0.95,3000,5633000,"B"
"VCI","14:16:37",41.75,-0.95,500,5630000,"B"
"VCI","14:16:35",41.8,-0.9,1000,5629500,"S"
"VCI","14:16:32",41.75,-0.95,3500,5628500,"B"
"VCI","14:16:32",41.8,-0.9,100,5625000,"S"
"VCI","14:16:27",41.75,-0.95,500,5624900,"B"
"VCI","14:16:26",41.75,-0.95,100,5624400,"B"
"VCI","14:16:25",41.75,-0.95,500,5624300,"B"
"VCI","14:16:23",41.75,-0.95,2000,5623800,"B"
"VCI","14:16:22",41.75,-0.95,600,5621800,"B"
"VCI","14:16:16",41.75,-0.95,5000,5621200,"B"
"VCI","14:16:16",41.75,-0.95,5000,5616200,"B"
"VCI","14:16:09",41.75,-0.95,2000,5611200,"B"
"VCI","14:16:00",41.75,-0.95,8500,5609200,"B"
"VCI","14:15:56",41.8,-0.9,100,5600700,"S"
"VCI","14:15:55",41.75,-0.95,3000,5600600,"B"
"VCI","14:15:53",41.75,-0.95,2600,5597600,"B"
"VCI","14:15:50",41.75,-0.95,7700,5595000,"B"
"VCI","14:15:49",41.75,-0.95,2000,5587300,"B"
"VCI","14:15:46",41.8,-0.9,200,5585300,"S"
"VCI","14:15:43",41.75,-0.95,1000,5585100,"B"
"VCI","14:15:41",41.8,-0.9,500,5584100,"S"
"VCI","14:15:37",41.8,-0.9,500,5583600,"S"
"VCI","14:15:35",41.75,-0.95,1500,5583100,"B"
"VCI","14:15:34",41.75,-0.95,500,5581600,"B"
"VCI","14:15:33",41.75,-0.95,3000,5581100,"B"
"VCI","14:15:33",41.8,-0.9,500,5578100,"S"
"VCI","14:15:33",41.8,-0.9,100,5577600,"S"
"VCI","14:15:30",41.8,-0.9,5000,5577500,"S"
"VCI","14:15:30",41.75,-0.95,20000,5572500,"B"
"VCI","14:15:30",41.8,-0.9,39500,5552500,"S"
"VCI","14:15:29",41.8,-0.9,2000,5513000,"S"
"VCI","14:15:28",41.8,-0.9,300,5511000,"S"
"VCI","14:15:24",41.8,-0.9,500,5510700,"S"
"VCI","14:15:23",41.8,-0.9,8000,5510200,"S"
"VCI","14:15:21",41.8,-0.9,300,5502200,"S"
"VCI","14:15:16",41.8,-0.9,5700,5501900,"B"
"VCI","14:15:14",41.8,-0.9,70900,5496200,"B"
"VCI","14:15:13",41.8,-0.9,7000,5425300,"B"
"VCI","14:15:12",41.85,-0.85,500,5418300,"S"
"VCI","14:15:09",41.8,-0.9,12500,5417800,"B"
"VCI","14:15:08",41.8,-0.9,5000,5405300,"B"
"VCI","14:15:06",41.8,-0.9,31800,5400300,"B"
"VCI","14:15:06",41.8,-0.9,2000,5368500,"B"
"VCI","14:15:05",41.85,-0.85,100,5366500,"S"
"VCI","14:15:05",41.8,-0.9,10100,5366400,"B"
"VCI","14:15:01",41.8,-0.9,30000,5356300,"B"
"VCI","14:15:00",41.8,-0.9,27800,5326300,"B"
"VCI","14:14:58",41.8,-0.9,3000,5298500,"B"
"VCI","14:14:56",41.8,-0.9,5000,5295500,"B"
"VCI","14:14:55",41.8,-0.9,2500,5290500,"B"
"VCI","14:14:54",41.85,-0.85,100,5288000,"S"
"VCI","14:14:53",41.85,-0.85,1700,5287900,"S"
"VCI","14:14:53",41.8,-0.9,20000,5286200,"B"
"VCI","14:14:49",41.8,-0.9,24700,5266200,"B"
"VCI","14:14:46",41.85,-0.85,4900,5241500,"S"
"VCI","14:14:45",41.85,-0.85,100,5236600,"S"
"VCI","14:14:43",41.8,-0.9,2000,5236500,"B"
"VCI","14:14:43",41.85,-0.85,100,5234500,"S"
"VCI","14:14:40",41.8,-0.9,1400,5234400,"B"
"VCI","14:14:39",41.85,-0.85,300,5233000,"S"
"VCI","14:14:39",41.8,-0.9,200,5232700,"B"
"VCI","14:14:38",41.85,-0.85,300,5232500,"S"
"VCI","14:14:33",41.85,-0.85,12000,5232200,"B"
"VCI","14:14:32",41.85,-0.85,20400,5220200,"B"
"VCI","14:14:31",41.85,-0.85,6000,5199800,"B"
"VCI","14:14:28",41.85,-0.85,37700,5193800,"B"
"VCI","14:14:27",41.85,-0.85,10000,5156100,"B"
"VCI","14:14:25",41.85,-0.85,3500,5146100,"B"
"VCI","14:14:23",41.85,-0.85,3500,5142600,"B"
"VCI","14:14:16",41.85,-0.85,10000,5139100,"B"
"VCI","14:14:11",41.9,-0.8,100,5129100,"S"
"VCI","14:14:03",41.9,-0.8,500,5129000,"S"
"VCI","14:13:51",41.85,-0.85,16000,5128500,"B"
"VCI","14:13:50",41.9,-0.8,100,5112500,"S"
"VCI","14:13:44",41.9,-0.8,5000,5112400,"S"
"VCI","14:13:40",41.85,-0.85,5000,5107400,"B"
"VCI","14:13:39",41.85,-0.85,5000,5102400,"B"
"VCI","14:13:37",41.85,-0.85,200,5097400,"B"
"VCI","14:13:36",41.9,-0.8,500,5097200,"S"
"VCI","14:13:29",41.9,-0.8,20100,5096700,"S"
"VCI","14:13:25",41.9,-0.8,10000,5076600,"S"
"VCI","14:13:18",41.9,-0.8,500,5066600,"S"
"VCI","14:13:17",41.9,-0.8,100,5066100,"S"
"VCI","14:13:16",41.85,-0.85,500,5066000,"B"
"VCI","14:13:15",41.9,-0.8,100,5065500,"S"
"VCI","14:13:13",41.9,-0.8,100,5065400,"S"
"VCI","14:13:09",41.9,-0.8,1000,5065300,"S"
"VCI","14:13:05",41.9,-0.8,500,5064300,"S"
"VCI","14:13:01",41.9,-0.8,45600,5063800,"B"
"VCI","14:13:00",41.95,-0.75,500,5018200,"S"
"VCI","14:13:00",41.9,-0.8,20000,5017700,"B"
"VCI","14:12:59",41.95,-0.75,400,4997700,"S"
"VCI","14:12:58",41.9,-0.8,15000,4997300,"B"
"VCI","14:12:53",41.9,-0.8,20000,4982300,"B"
"VCI","14:12:51",41.9,-0.8,5000,4962300,"B"
"VCI","14:12:44",41.9,-0.8,400,4957300,"B"
"VCI","14:12:43",41.9,-0.8,10000,4956900,"B"
"VCI","14:12:38",41.9,-0.8,5800,4946900,"B"
"VCI","14:12:33",41.9,-0.8,12000,4941100,"B"
"VCI","14:12:29",41.9,-0.8,10000,4929100,"B"
"VCI","14:12:22",41.95,-0.75,100,4919100,"S"
"VCI","14:12:22",41.95,-0.75,11300,4919000,"B"
"VCI","14:12:19",41.95,-0.75,500,4907700,"B"
"VCI","14:12:18",41.95,-0.75,5000,4907200,"B"
"VCI","14:12:15",41.95,-0.75,500,4902200,"B"
"VCI","14:12:14",41.95,-0.75,30000,4901700,"B"
"VCI","14:12:12",41.95,-0.75,1000,4871700,"B"
"VCI","14:12:06",41.95,-0.75,1500,4870700,"B"
"VCI","14:12:03",41.95,-0.75,500,4869200,"B"
"VCI","14:12:01",41.95,-0.75,5000,4868700,"B"
"VCI","14:11:58",41.95,-0.75,1000,4863700,"B"
"VCI","14:11:34",42,-0.7,100,4862700,"S"
"VCI","14:11:17",42,-0.7,2500,4862600,"S"
"VCI","14:11:12",42,-0.7,100,4860100,"S"
"VCI","14:11:10",42,-0.7,100,4860000,"S"
"VCI","14:11:08",41.95,-0.75,2000,4859900,"B"
"VCI","14:11:08",42,-0.7,9000,4857900,"S"
"VCI","14:11:04",42,-0.7,700,4848900,"B"
"VCI","14:10:41",42,-0.7,500,4848200,"B"
"VCI","14:10:37",42,-0.7,15000,4847700,"B"
"VCI","14:10:35",42,-0.7,500,4832700,"B"
"VCI","14:10:30",42,-0.7,1800,4832200,"B"
"VCI","14:10:29",42.05,-0.65,100,4830400,"S"
"VCI","14:10:16",42,-0.7,3900,4830300,"S"
"VCI","14:10:03",41.95,-0.75,500,4826400,"B"
"VCI","14:10:01",42,-0.7,5000,4825900,"S"
"VCI","14:10:00",42,-0.7,800,4820900,"S"
"VCI","14:09:59",42,-0.7,300,4820100,"S"
"VCI","14:09:47",42,-0.7,300,4819800,"S"
"VCI","14:09:37",42,-0.7,1000,4819500,"S"
"VCI","14:09:33",42,-0.7,500,4818500,"S"
"VCI","14:09:31",42,-0.7,1000,4818000,"S"
"VCI","14:09:27",42,-0.7,2100,4817000,"S"
"VCI","14:09:24",42,-0.7,900,4814900,"S"
"VCI","14:09:23",42,-0.7,9100,4814000,"S"
"VCI","14:09:15",42,-0.7,10900,4804900,"B"
"VCI","14:09:09",42,-0.7,1300,4794000,"S"
"VCI","14:09:07",42,-0.7,3700,4792700,"B"
"VCI","14:08:52",42,-0.7,500,4789000,"S"
"VCI","14:08:48",42,-0.7,500,4788500,"S"
"VCI","14:08:46",42,-0.7,600,4788000,"S"
"VCI","14:08:45",42,-0.7,10000,4787400,"S"
"VCI","14:08:43",42,-0.7,10000,4777400,"S"
"VCI","14:08:41",42,-0.7,1000,4767400,"S"
"VCI","14:08:35",41.95,-0.75,1000,4766400,"B"
"VCI","14:08:28",42,-0.7,100,4765400,"S"
"VCI","14:08:26",42,-0.7,200,4765300,"S"
"VCI","14:08:15",42,-0.7,2500,4765100,"S"
"VCI","14:08:09",42,-0.7,1000,4762600,"S"
"VCI","14:08:02",42,-0.7,200,4761600,"S"
"VCI","14:08:02",42,-0.7,500,4761400,"S"
"VCI","14:07:55",42,-0.7,200,4760900,"S"
"VCI","14:07:43",41.95,-0.75,30000,4760700,"B"
"VCI","14:07:35",42,-0.7,200,4730700,"S"
"VCI","14:07:34",42,-0.7,1500,4730500,"S"
"VCI","14:07:26",41.95,-0.75,300,4729000,"B"
"VCI","14:07:26",42,-0.7,2000,4728700,"S"
"VCI","14:07:12",41.95,-0.75,15100,4726700,"B"
"VCI","14:07:09",42,-0.7,100,4711600,"S"
"VCI","14:07:05",42,-0.7,66500,4711500,"B"
"VCI","14:07:05",42.05,-0.65,10900,4645000,"B"
"VCI","14:06:26",42.1,-0.6,300,4634100,"S"
"VCI","14:06:25",42.05,-0.65,3000,4633800,"B"
"VCI","14:06:05",42.05,-0.65,7900,4630800,"S"
"VCI","14:06:00",42.05,-0.65,1400,4622900,"S"
"VCI","14:05:53",42.05,-0.65,1400,4621500,"S"
"VCI","14:05:50",42.05,-0.65,5300,4620100,"B"
"VCI","14:05:47",42.1,-0.6,2200,4614800,"S"
"VCI","14:05:46",42.1,-0.6,200,4612600,"S"
"VCI","14:05:42",42.05,-0.65,30000,4612400,"B"
"VCI","14:05:41",42.1,-0.6,1800,4582400,"S"
"VCI","14:05:31",42.1,-0.6,10000,4580600,"S"
"VCI","14:05:31",42.1,-0.6,400,4570600,"S"
"VCI","14:05:30",42.1,-0.6,1200,4570200,"S"
"VCI","14:05:29",42.1,-0.6,700,4569000,"S"
"VCI","14:05:28",42.1,-0.6,1000,4568300,"S"
"VCI","14:05:19",42.1,-0.6,1300,4567300,"S"
"VCI","14:04:53",42.1,-0.6,200,4566000,"S"
"VCI","14:04:47",42.05,-0.65,400,4565800,"B"
"VCI","14:04:40",42.05,-0.65,1200,4565400,"B"
"VCI","14:04:10",42.05,-0.65,300,4564200,"B"
"VCI","14:04:10",42.1,-0.6,500,4563900,"S"
"VCI","14:04:08",42.1,-0.6,200,4563400,"S"
"VCI","14:04:04",42.1,-0.6,300,4563200,"S"
"VCI","14:03:57",42.05,-0.65,1000,4562900,"B"
"VCI","14:03:55",42.1,-0.6,1000,4561900,"S"
"VCI","14:03:45",42.1,-0.6,600,4560900,"S"
"VCI","14:03:38",42.05,-0.65,1000,4560300,"B"
"VCI","14:03:37",42.05,-0.65,200,4559300,"B"
"VCI","14:03:25",42.05,-0.65,100,4559100,"B"
"VCI","14:03:13",42.05,-0.65,3600,4559000,"S"
"VCI","14:03:09",42.05,-0.65,1000,4555400,"S"
"VCI","14:03:02",42.05,-0.65,1000,4554400,"S"
"VCI","14:02:49",42.05,-0.65,100,4553400,"S"
"VCI","14:02:47",42.05,-0.65,100,4553300,"S"
"VCI","14:02:43",42.05,-0.65,100,4553200,"S"
"VCI","14:02:38",42.05,-0.65,800,4553100,"S"
"VCI","14:02:33",42.05,-0.65,700,4552300,"S"
"VCI","14:02:25",42.05,-0.65,1000,4551600,"S"
"VCI","14:02:21",42.05,-0.65,10600,4550600,"B"
"VCI","14:02:12",42.05,-0.65,1000,4540000,"B"
"VCI","14:01:53",42.05,-0.65,14000,4539000,"S"
"VCI","14:01:44",42.05,-0.65,3000,4525000,"S"
"VCI","14:01:39",42,-0.7,11500,4522000,"B"
"VCI","14:01:39",42.05,-0.65,8500,4510500,"B"
"VCI","14:00:35",42.05,-0.65,300,4502000,"B"
"VCI","14:00:21",42.05,-0.65,1700,4501700,"S"
"VCI","14:00:18",42,-0.7,10000,4500000,"B"
"VCI","14:00:18",42.05,-0.65,300,4490000,"B"
"VCI","14:00:15",42.05,-0.65,500,4489700,"B"
"VCI","14:00:10",42.05,-0.65,1700,4489200,"S"
"VCI","14:00:06",42.05,-0.65,200,4487500,"S"
"VCI","14:00:05",42.05,-0.65,500,4487300,"S"
"VCI","14:00:03",42.05,-0.65,1000,4486800,"S"
"VCI","14:00:00",42.05,-0.65,5000,4485800,"S"
"VCI","13:59:50",42.05,-0.65,100,4480800,"S"
"VCI","13:59:43",42.05,-0.65,500,4480700,"S"
"VCI","13:59:36",42.05,-0.65,500,4480200,"S"
"VCI","13:59:03",42.05,-0.65,300,4479700,"S"
"VCI","13:58:56",42,-0.7,100,4479400,"B"
"VCI","13:58:49",42.05,-0.65,100,4479300,"S"
"VCI","13:58:46",42.05,-0.65,10000,4479200,"S"
"VCI","13:58:40",42,-0.7,1100,4469200,"B"
"VCI","13:58:32",42.05,-0.65,200,4468100,"S"
"VCI","13:58:01",42.05,-0.65,2000,4467900,"S"
"VCI","13:57:37",42.05,-0.65,400,4465900,"S"
"VCI","13:57:35",42.05,-0.65,800,4465500,"S"
"VCI","13:57:32",42,-0.7,1500,4464700,"B"
"VCI","13:57:27",42.05,-0.65,1000,4463200,"S"
"VCI","13:56:57",42,-0.7,1000,4462200,"B"
"VCI","13:56:54",42.05,-0.65,3000,4461200,"S"
"VCI","13:56:43",42,-0.7,5000,4458200,"B"
"VCI","13:56:42",42.05,-0.65,1000,4453200,"S"
"VCI","13:56:40",42,-0.7,6500,4452200,"B"
"VCI","13:56:39",42.05,-0.65,100,4445700,"S"
"VCI","13:56:36",42,-0.7,4000,4445600,"B"
"VCI","13:56:07",42,-0.7,1000,4441600,"B"
"VCI","13:56:04",42,-0.7,200,4440600,"B"
"VCI","13:56:02",42,-0.7,1200,4440400,"S"
"VCI","13:55:57",42,-0.7,1800,4439200,"B"
"VCI","13:55:40",42,-0.7,400,4437400,"S"
"VCI","13:55:26",42,-0.7,500,4437000,"S"
"VCI","13:55:26",42,-0.7,1000,4436500,"S"
"VCI","13:55:21",42,-0.7,100,4435500,"S"
"VCI","13:55:15",42,-0.7,100,4435400,"S"
"VCI","13:55:13",42,-0.7,2000,4435300,"S"
"VCI","13:54:57",42,-0.7,500,4433300,"S"
"VCI","13:54:56",42,-0.7,100,4432800,"S"
"VCI","13:54:51",42,-0.7,400,4432700,"S"
"VCI","13:54:50",42,-0.7,2500,4432300,"S"
"VCI","13:54:46",42,-0.7,100,4429800,"S"
"VCI","13:54:41",42,-0.7,22300,4429700,"B"
"VCI","13:54:34",42.05,-0.65,500,4407400,"S"
"VCI","13:54:33",42,-0.7,100,4406900,"B"
"VCI","13:54:27",42.05,-0.65,200,4406800,"S"
"VCI","13:54:25",42.05,-0.65,700,4406600,"S"
"VCI","13:54:09",42.05,-0.65,200,4405900,"S"
"VCI","13:53:56",42,-0.7,2900,4405700,"B"
"VCI","13:53:54",42.05,-0.65,500,4402800,"S"
"VCI","13:53:51",42,-0.7,800,4402300,"B"
"VCI","13:53:47",42,-0.7,300,4401500,"B"
"VCI","13:53:39",42,-0.7,100,4401200,"B"
"VCI","13:53:25",42,-0.7,2500,4401100,"S"
"VCI","13:53:23",42,-0.7,2000,4398600,"S"
"VCI","13:53:21",42,-0.7,10000,4396600,"S"
"VCI","13:53:16",42,-0.7,200,4386600,"S"
"VCI","13:53:15",42,-0.7,5300,4386400,"B"
"VCI","13:53:13",42,-0.7,5800,4381100,"S"
"VCI","13:53:08",42,-0.7,14200,4375300,"B"
"VCI","13:52:54",42,-0.7,7100,4361100,"B"
"VCI","13:52:41",42,-0.7,9900,4354000,"S"
"VCI","13:52:30",42,-0.7,7000,4339100,"B"
"VCI","13:52:07",42,-0.7,600,4332100,"B"
"VCI","13:51:58",42,-0.7,300,4331500,"B"
"VCI","13:51:57",42,-0.7,200,4331200,"B"
"VCI","13:51:49",42,-0.7,20000,4331000,"B"
"VCI","13:51:47",42,-0.7,37100,4311000,"S"
"VCI","13:51:44",42,-0.7,1000,4273900,"S"
"VCI","13:51:41",42,-0.7,500,4272900,"S"
"VCI","13:51:40",42,-0.7,200,4272400,"S"
"VCI","13:51:36",42,-0.7,2000,4272200,"S"
"VCI","13:51:32",42,-0.7,1000,4270200,"S"
"VCI","13:51:28",42,-0.7,100,4269200,"S"
"VCI","13:51:23",42,-0.7,100,4269100,"S"
"VCI","13:51:05",42,-0.7,14700,4269000,"B"
"VCI","13:51:05",42,-0.7,31900,4254300,"B"
"VCI","13:51:04",42.05,-0.65,1800,4222400,"B"
"VCI","13:51:03",42.05,-0.65,400,4220600,"S"
"VCI","13:50:58",42.05,-0.65,600,4220200,"B"
"VCI","13:50:47",42.05,-0.65,15500,4219600,"B"
"VCI","13:50:46",42.05,-0.65,4500,4204100,"B"
"VCI","13:50:45",42.05,-0.65,500,4199600,"B"
"VCI","13:50:02",42.05,-0.65,500,4199100,"B"
"VCI","13:50:01",42.1,-0.6,100,4198600,"S"
"VCI","13:49:37",42.1,-0.6,1000,4198500,"S"
"VCI","13:49:11",42.1,-0.6,500,4197500,"S"
"VCI","13:49:00",42.1,-0.6,3000,4197000,"B"
"VCI","13:48:56",42.1,-0.6,500,4194000,"B"
"VCI","13:48:48",42.1,-0.6,1000,4193500,"B"
"VCI","13:48:41",42.1,-0.6,5500,4192500,"S"
"VCI","13:48:38",42.1,-0.6,4500,4187000,"B"
"VCI","13:48:35",42.1,-0.6,200,4182500,"B"
"VCI","13:48:34",42.1,-0.6,100,4182300,"B"
"VCI","13:48:32",42.1,-0.6,3000,4182200,"B"
"VCI","13:48:30",42.1,-0.6,1000,4179200,"B"
"VCI","13:48:25",42.1,-0.6,1000,4178200,"B"
"VCI","13:48:11",42.1,-0.6,1300,4177200,"S"
"VCI","13:48:09",42.1,-0.6,1000,4175900,"S"
"VCI","13:47:56",42.1,-0.6,100,4174900,"B"
"VCI","13:47:54",42.15,-0.55,300,4174800,"S"
"VCI","13:47:54",42.1,-0.6,1700,4174500,"S"
"VCI","13:47:49",42.1,-0.6,300,4172800,"B"
"VCI","13:47:39",42.1,-0.6,1500,4172500,"B"
"VCI","13:47:37",42.1,-0.6,400,4171000,"B"
"VCI","13:47:26",42.1,-0.6,2900,4170600,"S"
"VCI","13:47:17",42.1,-0.6,100,4167700,"S"
"VCI","13:46:42",42.1,-0.6,100,4167600,"B"
"VCI","13:46:33",42.1,-0.6,14500,4167500,"S"
"VCI","13:46:25",42.1,-0.6,400,4153000,"S"
"VCI","13:46:15",42.05,-0.65,1000,4152600,"B"
"VCI","13:45:44",42.05,-0.65,7200,4151600,"S"
"VCI","13:45:34",42,-0.7,1400,4144400,"B"
"VCI","13:45:32",42,-0.7,3000,4143000,"B"
"VCI","13:45:30",42,-0.7,19100,4140000,"S"
"VCI","13:45:24",42,-0.7,2000,4120900,"S"
"VCI","13:45:13",42,-0.7,100,4118900,"S"
"VCI","13:45:12",42,-0.7,5000,4118800,"S"
"VCI","13:45:10",42,-0.7,2700,4113800,"B"
"VCI","13:45:04",42,-0.7,6000,4111100,"B"
"VCI","13:44:55",42,-0.7,2000,4105100,"B"
"VCI","13:44:31",42,-0.7,1000,4103100,"B"
"VCI","13:44:20",42,-0.7,2500,4102100,"B"
"VCI","13:44:09",42,-0.7,3800,4099600,"S"
"VCI","13:44:08",42,-0.7,100,4095800,"S"
"VCI","13:44:07",42,-0.7,200,4095700,"S"
"VCI","13:44:02",41.95,-0.75,100,4095500,"B"
"VCI","13:44:00",42,-0.7,2000,4095400,"S"
"VCI","13:43:57",42,-0.7,4000,4093400,"B"
"VCI","13:43:52",42,-0.7,1600,4089400,"S"
"VCI","13:43:50",42,-0.7,5000,4087800,"S"
"VCI","13:43:49",42,-0.7,1000,4082800,"S"
"VCI","13:43:47",42,-0.7,1000,4081800,"S"
"VCI","13:43:21",42,-0.7,100,4080800,"S"
"VCI","13:43:17",42,-0.7,500,4080700,"B"
"VCI","13:43:10",41.95,-0.75,13400,4080200,"B"
"VCI","13:43:10",42,-0.7,6600,4066800,"B"
"VCI","13:42:07",42,-0.7,300,4060200,"B"
"VCI","13:42:00",42,-0.7,1100,4059900,"B"
"VCI","13:41:40",42,-0.7,100,4058800,"S"
"VCI","13:41:37",42,-0.7,500,4058700,"S"
"VCI","13:41:31",42,-0.7,100,4058200,"S"
"VCI","13:41:29",42,-0.7,500,4058100,"S"
"VCI","13:41:06",42,-0.7,200,4057600,"S"
"VCI","13:41:05",42,-0.7,500,4057400,"S"
"VCI","13:40:56",42,-0.7,100,4056900,"S"
"VCI","13:40:56",41.95,-0.75,200,4056800,"S"
"VCI","13:40:50",41.95,-0.75,44900,4056600,"B"
"VCI","13:40:50",42,-0.7,4900,4011700,"B"
"VCI","13:40:31",42,-0.7,1000,4006800,"B"
"VCI","13:40:28",42.05,-0.65,500,4005800,"S"
"VCI","13:39:51",42,-0.7,500,4005300,"S"
"VCI","13:39:32",42,-0.7,200,4004800,"S"
"VCI","13:39:31",41.95,-0.75,6900,4004600,"B"
"VCI","13:39:28",42,-0.7,600,3997700,"S"
"VCI","13:39:25",42,-0.7,3700,3997100,"B"
"VCI","13:39:12",42,-0.7,1000,3993400,"B"
"VCI","13:38:55",42,-0.7,200,3992400,"B"
"VCI","13:38:50",42,-0.7,10000,3992200,"B"
"VCI","13:38:33",42,-0.7,100,3982200,"B"
"VCI","13:38:30",42,-0.7,100,3982100,"B"
"VCI","13:38:25",42,-0.7,500,3982000,"B"
"VCI","13:38:03",42,-0.7,400,3981500,"S"
"VCI","13:37:59",42,-0.7,400,3981100,"S"
"VCI","13:37:57",42,-0.7,300,3980700,"S"
"VCI","13:37:53",42,-0.7,500,3980400,"S"
"VCI","13:37:52",42,-0.7,1300,3979900,"S"
"VCI","13:37:36",42,-0.7,2000,3978600,"S"
"VCI","13:37:28",42,-0.7,200,3976600,"S"
"VCI","13:37:21",42,-0.7,2300,3976400,"S"
"VCI","13:37:19",42,-0.7,200,3974100,"S"
"VCI","13:37:16",42,-0.7,100,3973900,"S"
"VCI","13:37:09",42,-0.7,2000,3973800,"S"
"VCI","13:37:02",42,-0.7,600,3971800,"S"
"VCI","13:36:42",42,-0.7,500,3971200,"S"
"VCI","13:36:28",42,-0.7,1000,3970700,"S"
"VCI","13:35:41",41.95,-0.75,100,3969700,"B"
"VCI","13:35:38",41.95,-0.75,1000,3969600,"B"
"VCI","13:35:36",42,-0.7,16500,3968600,"S"
"VCI","13:35:36",41.95,-0.75,3500,3952100,"S"
"VCI","13:35:34",41.95,-0.75,100,3948600,"S"
"VCI","13:35:24",41.95,-0.75,500,3948500,"S"
"VCI","13:35:19",41.95,-0.75,6900,3948000,"B"
"VCI","13:35:18",42,-0.7,2500,3941100,"S"
"VCI","13:35:11",41.95,-0.75,2100,3938600,"B"
"VCI","13:35:08",41.95,-0.75,500,3936500,"B"
"VCI","13:34:57",41.95,-0.75,3600,3936000,"S"
"VCI","13:34:56",41.95,-0.75,100,3932400,"S"
"VCI","13:34:55",41.9,-0.8,100,3932300,"B"
"VCI","13:34:54",41.95,-0.75,100,3932200,"S"
"VCI","13:34:49",41.95,-0.75,100,3932100,"S"
"VCI","13:34:47",41.95,-0.75,2600,3932000,"B"
"VCI","13:34:43",41.95,-0.75,5000,3929400,"B"
"VCI","13:34:41",42,-0.7,100,3924400,"S"
"VCI","13:34:38",42,-0.7,2000,3924300,"S"
"VCI","13:34:38",41.95,-0.75,4300,3922300,"B"
"VCI","13:34:33",42,-0.7,2000,3918000,"S"
"VCI","13:34:25",42,-0.7,1000,3916000,"S"
"VCI","13:34:20",42,-0.7,500,3915000,"S"
"VCI","13:34:18",42,-0.7,1000,3914500,"S"
"VCI","13:34:11",42,-0.7,200,3913500,"S"
"VCI","13:34:07",42,-0.7,700,3913300,"S"
"VCI","13:33:47",41.95,-0.75,100,3912600,"B"
"VCI","13:33:42",41.95,-0.75,200,3912500,"B"
"VCI","13:33:37",42,-0.7,100,3912300,"S"
"VCI","13:33:31",42,-0.7,100,3912200,"S"
"VCI","13:33:29",41.9,-0.8,9500,3912100,"B"
"VCI","13:33:29",41.95,-0.75,15500,3902600,"B"
"VCI","13:33:23",42,-0.7,6400,3887100,"B"
"VCI","13:33:21",42,-0.7,10000,3880700,"B"
"VCI","13:33:21",42.05,-0.65,300,3870700,"S"
"VCI","13:33:14",42.05,-0.65,5400,3870400,"B"
"VCI","13:33:12",42.05,-0.65,20000,3865000,"B"
"VCI","13:33:04",42.05,-0.65,10000,3845000,"B"
"VCI","13:33:03",42.1,-0.6,100,3835000,"S"
"VCI","13:33:01",42.1,-0.6,1000,3834900,"S"
"VCI","13:33:00",42.05,-0.65,2000,3833900,"B"
"VCI","13:32:44",42.1,-0.6,1000,3831900,"S"
"VCI","13:32:36",42.1,-0.6,400,3830900,"S"
"VCI","13:32:29",42.1,-0.6,2400,3830500,"B"
"VCI","13:32:27",42.1,-0.6,500,3828100,"B"
"VCI","13:32:23",42.1,-0.6,10000,3827600,"B"
"VCI","13:32:18",42.15,-0.55,1000,3817600,"S"
"VCI","13:32:11",42.15,-0.55,500,3816600,"S"
"VCI","13:32:03",42.15,-0.55,1000,3816100,"S"
"VCI","13:31:59",42.15,-0.55,500,3815100,"S"
"VCI","13:31:57",42.15,-0.55,2000,3814600,"S"
"VCI","13:31:56",42.15,-0.55,100,3812600,"S"
"VCI","13:31:36",42.15,-0.55,100,3812500,"S"
"VCI","13:31:22",42.1,-0.6,13700,3812400,"S"
"VCI","13:31:19",42.1,-0.6,600,3798700,"S"
"VCI","13:31:17",42.1,-0.6,100,3798100,"S"
"VCI","13:31:15",42.1,-0.6,1000,3798000,"S"
"VCI","13:31:14",42.1,-0.6,2100,3797000,"S"
"VCI","13:31:12",42.1,-0.6,100,3794900,"S"
"VCI","13:31:11",42.1,-0.6,2000,3794800,"S"
"VCI","13:30:57",42.1,-0.6,1000,3792800,"S"
"VCI","13:30:53",42.1,-0.6,100,3791800,"S"
"VCI","13:30:51",42.1,-0.6,300,3791700,"B"
"VCI","13:30:45",42.1,-0.6,800,3791400,"S"
"VCI","13:30:44",42.1,-0.6,1500,3790600,"S"
"VCI","13:30:41",42.1,-0.6,500,3789100,"S"
"VCI","13:30:40",42.1,-0.6,2200,3788600,"S"
"VCI","13:30:39",42.1,-0.6,600,3786400,"S"
"VCI","13:30:33",42.1,-0.6,1000,3785800,"S"
"VCI","13:30:31",42.1,-0.6,100,3784800,"S"
"VCI","13:30:29",42.1,-0.6,1200,3784700,"S"
"VCI","13:30:22",42.1,-0.6,600,3783500,"S"
"VCI","13:30:20",42.1,-0.6,2900,3782900,"S"
"VCI","13:30:18",42.1,-0.6,100,3780000,"S"
"VCI","13:30:17",42.1,-0.6,1000,3779900,"S"
"VCI","13:30:15",42.1,-0.6,1700,3778900,"S"
"VCI","13:30:10",42.1,-0.6,3000,3777200,"S"
"VCI","13:30:09",42.1,-0.6,3000,3774200,"S"
"VCI","13:30:06",42.1,-0.6,1100,3771200,"S"
"VCI","13:30:04",42.1,-0.6,1000,3770100,"S"
"VCI","13:29:57",42.1,-0.6,100,3769100,"S"
"VCI","13:29:53",42.1,-0.6,500,3769000,"S"
"VCI","13:29:50",42.1,-0.6,1000,3768500,"S"
"VCI","13:29:47",42.1,-0.6,1000,3767500,"S"
"VCI","13:29:46",42.1,-0.6,300,3766500,"S"
"VCI","13:29:45",42.1,-0.6,500,3766200,"S"
"VCI","13:29:35",42.1,-0.6,1700,3765700,"B"
"VCI","13:29:26",42.1,-0.6,200,3764000,"S"
"VCI","13:29:24",42.1,-0.6,600,3763800,"S"
"VCI","13:29:22",42.15,-0.55,3200,3763200,"S"
"VCI","13:29:22",42.1,-0.6,1800,3760000,"S"
"VCI","13:29:16",42.1,-0.6,4500,3758200,"B"
"VCI","13:29:14",42.15,-0.55,1000,3753700,"S"
"VCI","13:29:11",42.15,-0.55,1000,3752700,"S"
"VCI","13:29:05",42.15,-0.55,100,3751700,"S"
"VCI","13:29:04",42.15,-0.55,1000,3751600,"S"
"VCI","13:29:02",42.15,-0.55,500,3750600,"S"
"VCI","13:28:49",42.15,-0.55,100,3750100,"S"
"VCI","13:28:37",42.15,-0.55,700,3750000,"S"
"VCI","13:28:29",42.15,-0.55,300,3749300,"S"
"VCI","13:28:29",42.15,-0.55,200,3749000,"S"
"VCI","13:28:28",42.15,-0.55,500,3748800,"S"
"VCI","13:28:25",42.15,-0.55,100,3748300,"S"
"VCI","13:28:17",42.15,-0.55,6000,3748200,"S"
"VCI","13:28:08",42.15,-0.55,1400,3742200,"S"
"VCI","13:28:06",42.1,-0.6,500,3740800,"B"
"VCI","13:28:04",42.1,-0.6,500,3740300,"B"
"VCI","13:27:59",42.1,-0.6,200,3739800,"S"
"VCI","13:27:54",42.1,-0.6,1000,3739600,"S"
"VCI","13:27:52",42.1,-0.6,700,3738600,"S"
"VCI","13:27:50",42.1,-0.6,200,3737900,"S"
"VCI","13:27:46",42.1,-0.6,1000,3737700,"S"
"VCI","13:27:42",42.1,-0.6,400,3736700,"S"
"VCI","13:27:33",42.05,-0.65,2200,3736300,"S"
"VCI","13:27:31",42.05,-0.65,500,3734100,"S"
"VCI","13:27:26",42.05,-0.65,100,3733600,"S"
"VCI","13:27:23",42,-0.7,6000,3733500,"B"
"VCI","13:27:19",42,-0.7,21100,3727500,"S"
"VCI","13:27:17",42,-0.7,300,3706400,"S"
"VCI","13:27:15",42,-0.7,200,3706100,"S"
"VCI","13:27:13",42,-0.7,1000,3705900,"S"
"VCI","13:27:09",42,-0.7,100,3704900,"S"
"VCI","13:27:02",42,-0.7,12000,3704800,"S"
"VCI","13:26:56",41.95,-0.75,1200,3692800,"B"
"VCI","13:26:54",41.95,-0.75,100,3691600,"B"
"VCI","13:26:51",41.95,-0.75,600,3691500,"S"
"VCI","13:26:48",41.95,-0.75,2700,3690900,"B"
"VCI","13:26:45",41.95,-0.75,1000,3688200,"S"
"VCI","13:26:43",41.95,-0.75,2500,3687200,"S"
"VCI","13:26:41",41.95,-0.75,1000,3684700,"S"
"VCI","13:26:39",41.95,-0.75,10000,3683700,"S"
"VCI","13:26:37",41.95,-0.75,3000,3673700,"S"
"VCI","13:26:27",41.95,-0.75,500,3670700,"S"
"VCI","13:26:25",41.95,-0.75,1000,3670200,"S"
"VCI","13:26:20",41.95,-0.75,2000,3669200,"S"
"VCI","13:26:16",41.95,-0.75,100,3667200,"S"
"VCI","13:26:05",41.95,-0.75,900,3667100,"S"
"VCI","13:26:05",41.95,-0.75,300,3666200,"S"
"VCI","13:26:02",41.95,-0.75,2100,3665900,"S"
"VCI","13:25:58",41.9,-0.8,500,3663800,"B"
"VCI","13:25:54",41.95,-0.75,200,3663300,"S"
"VCI","13:25:52",41.9,-0.8,500,3663100,"B"
"VCI","13:25:49",41.95,-0.75,500,3662600,"S"
"VCI","13:25:34",41.95,-0.75,500,3662100,"S"
"VCI","13:25:33",41.95,-0.75,100,3661600,"S"
"VCI","13:25:31",41.95,-0.75,500,3661500,"S"
"VCI","13:25:29",41.95,-0.75,100,3661000,"S"
"VCI","13:25:27",41.95,-0.75,1000,3660900,"S"
"VCI","13:25:26",41.95,-0.75,100,3659900,"S"
"VCI","13:25:25",41.95,-0.75,1000,3659800,"S"
"VCI","13:25:18",41.95,-0.75,5000,3658800,"S"
"VCI","13:25:14",41.95,-0.75,100,3653800,"S"
"VCI","13:25:07",41.95,-0.75,500,3653700,"S"
"VCI","13:25:02",41.95,-0.75,500,3653200,"S"
"VCI","13:24:57",41.95,-0.75,1400,3652700,"S"
"VCI","13:24:56",41.95,-0.75,700,3651300,"S"
"VCI","13:24:52",41.9,-0.8,500,3650600,"B"
"VCI","13:24:47",41.95,-0.75,5600,3650100,"B"
"VCI","13:24:42",41.95,-0.75,5000,3644500,"B"
"VCI","13:24:37",41.95,-0.75,800,3639500,"S"
"VCI","13:24:33",41.95,-0.75,10000,3638700,"S"
"VCI","13:24:32",41.95,-0.75,8000,3628700,"S"
"VCI","13:24:28",41.95,-0.75,1000,3620700,"S"
"VCI","13:24:25",41.95,-0.75,1000,3619700,"S"
"VCI","13:24:22",41.9,-0.8,600,3618700,"B"
"VCI","13:24:10",41.95,-0.75,500,3618100,"S"
"VCI","13:24:04",41.9,-0.8,400,3617600,"B"
"VCI","13:24:01",41.9,-0.8,700,3617200,"B"
"VCI","13:23:50",41.9,-0.8,2000,3616500,"B"
"VCI","13:23:38",41.9,-0.8,200,3614500,"B"
"VCI","13:23:33",41.9,-0.8,1900,3614300,"B"
"VCI","13:23:31",41.9,-0.8,5000,3612400,"B"
"VCI","13:23:31",41.95,-0.75,100,3607400,"S"
"VCI","13:23:24",41.95,-0.75,2000,3607300,"S"
"VCI","13:23:23",41.9,-0.8,500,3605300,"B"
"VCI","13:23:18",41.9,-0.8,5000,3604800,"B"
"VCI","13:23:08",41.95,-0.75,1000,3599800,"S"
"VCI","13:23:03",41.95,-0.75,500,3598800,"S"
"VCI","13:22:58",41.95,-0.75,200,3598300,"S"
"VCI","13:22:57",41.95,-0.75,2000,3598100,"S"
"VCI","13:22:56",41.95,-0.75,100,3596100,"S"
"VCI","13:22:55",41.95,-0.75,100,3596000,"S"
"VCI","13:22:53",41.9,-0.8,1000,3595900,"B"
"VCI","13:22:40",41.95,-0.75,300,3594900,"S"
"VCI","13:22:37",41.9,-0.8,400,3594600,"B"
"VCI","13:22:26",41.9,-0.8,2000,3594200,"B"
"VCI","13:22:23",41.95,-0.75,200,3592200,"S"
"VCI","13:22:22",41.95,-0.75,1000,3592000,"B"
"VCI","13:22:21",41.95,-0.75,1000,3591000,"B"
"VCI","13:22:15",42,-0.7,1600,3590000,"S"
"VCI","13:22:07",41.9,-0.8,200,3588400,"B"
"VCI","13:22:07",41.95,-0.75,600,3588200,"B"
"VCI","13:22:04",41.95,-0.75,1000,3587600,"B"
"VCI","13:22:02",42,-0.7,20000,3586600,"S"
"VCI","13:22:00",41.95,-0.75,1100,3566600,"S"
"VCI","13:21:58",41.95,-0.75,300,3565500,"S"
"VCI","13:21:48",42,-0.7,300,3565200,"S"
"VCI","13:21:45",41.9,-0.8,22500,3564900,"B"
"VCI","13:21:45",41.95,-0.75,56200,3542400,"B"
"VCI","13:21:39",42,-0.7,500,3486200,"S"
"VCI","13:21:37",41.95,-0.75,1000,3485700,"B"
"VCI","13:21:37",42,-0.7,2000,3484700,"S"
"VCI","13:21:34",41.95,-0.75,500,3482700,"B"
"VCI","13:21:22",41.95,-0.75,800,3482200,"S"
"VCI","13:21:20",41.95,-0.75,200,3481400,"B"
"VCI","13:21:19",41.95,-0.75,300,3481200,"B"
"VCI","13:21:17",41.95,-0.75,400,3480900,"B"
"VCI","13:21:16",42,-0.7,1500,3480500,"S"
"VCI","13:21:10",42,-0.7,500,3479000,"S"
"VCI","13:21:09",42,-0.7,1300,3478500,"S"
"VCI","13:21:00",41.95,-0.75,2500,3477200,"S"
"VCI","13:21:00",41.95,-0.75,500,3474700,"B"
"VCI","13:20:57",41.95,-0.75,1000,3474200,"S"
"VCI","13:20:55",41.95,-0.75,1500,3473200,"B"
"VCI","13:20:51",41.95,-0.75,300,3471700,"B"
"VCI","13:20:49",41.95,-0.75,100,3471400,"B"
"VCI","13:20:46",41.95,-0.75,4900,3471300,"S"
"VCI","13:20:42",41.9,-0.8,500,3466400,"B"
"VCI","13:20:37",41.95,-0.75,2000,3465900,"S"
"VCI","13:20:30",41.95,-0.75,300,3463900,"S"
"VCI","13:20:28",41.95,-0.75,300,3463600,"S"
"VCI","13:20:21",41.95,-0.75,100,3463300,"S"
"VCI","13:20:14",41.95,-0.75,100,3463200,"S"
"VCI","13:20:13",41.9,-0.8,1000,3463100,"B"
"VCI","13:20:13",41.95,-0.75,1000,3462100,"S"
"VCI","13:20:11",41.9,-0.8,1400,3461100,"B"
"VCI","13:20:08",41.9,-0.8,1500,3459700,"B"
"VCI","13:20:04",41.95,-0.75,100,3458200,"S"
"VCI","13:20:02",41.95,-0.75,200,3458100,"S"
"VCI","13:19:58",41.95,-0.75,100,3457900,"S"
"VCI","13:19:57",41.95,-0.75,500,3457800,"S"
"VCI","13:19:56",41.9,-0.8,500,3457300,"B"
"VCI","13:19:50",41.9,-0.8,4500,3456800,"B"
"VCI","13:19:42",41.9,-0.8,1800,3452300,"B"
"VCI","13:19:35",41.9,-0.8,8000,3450500,"B"
"VCI","13:19:35",41.9,-0.8,500,3442500,"B"
"VCI","13:19:27",41.9,-0.8,1000,3442000,"B"
"VCI","13:19:21",41.85,-0.85,6000,3441000,"B"
"VCI","13:19:21",41.9,-0.8,1000,3435000,"B"
"VCI","13:19:13",41.85,-0.85,1500,3434000,"B"
"VCI","13:19:13",41.9,-0.8,3500,3432500,"B"
"VCI","13:19:13",41.9,-0.8,200,3429000,"B"
"VCI","13:19:08",41.85,-0.85,1500,3428800,"B"
"VCI","13:19:08",41.9,-0.8,1500,3421800,"B"
"VCI","13:18:57",41.85,-0.85,300,3420300,"B"
"VCI","13:18:57",41.9,-0.8,17900,3420000,"B"
"VCI","13:18:55",41.9,-0.8,100,3402100,"B"
"VCI","13:18:54",41.9,-0.8,8300,3402000,"S"
"VCI","13:18:53",41.9,-0.8,2500,3393700,"S"
"VCI","13:18:52",41.9,-0.8,100,3391200,"S"
"VCI","13:18:51",41.9,-0.8,100,3391100,"S"
"VCI","13:18:51",41.9,-0.8,200,3391000,"S"
"VCI","13:18:50",41.9,-0.8,1500,3390800,"S"
"VCI","13:18:50",41.9,-0.8,1400,3389300,"S"
"VCI","13:18:48",41.9,-0.8,1200,3387900,"S"
"VCI","13:18:48",41.9,-0.8,1000,3386700,"S"
"VCI","13:18:46",41.9,-0.8,5100,3385700,"S"
"VCI","13:18:45",41.9,-0.8,7200,3380600,"S"
"VCI","13:18:43",41.9,-0.8,500,3373400,"S"
"VCI","13:18:42",41.9,-0.8,500,3372900,"S"
"VCI","13:18:41",41.9,-0.8,500,3372400,"S"
"VCI","13:18:40",41.9,-0.8,2500,3371900,"S"
"VCI","13:18:39",41.9,-0.8,400,3369400,"S"
"VCI","13:18:37",41.9,-0.8,1000,3369000,"S"
"VCI","13:18:36",41.9,-0.8,5000,3368000,"S"
"VCI","13:18:34",41.9,-0.8,1000,3363000,"S"
"VCI","13:18:32",41.9,-0.8,6000,3362000,"S"
"VCI","13:18:31",41.9,-0.8,300,3356000,"S"
"VCI","13:18:29",41.9,-0.8,17800,3355700,"S"
"VCI","13:18:29",41.9,-0.8,5000,3337900,"S"
"VCI","13:18:27",41.9,-0.8,2000,3332900,"S"
"VCI","13:18:25",41.9,-0.8,3100,3330900,"S"
"VCI","13:18:24",41.9,-0.8,1000,3327800,"S"
"VCI","13:18:23",41.85,-0.85,800,3326800,"B"
"VCI","13:18:21",41.9,-0.8,500,3326000,"S"
"VCI","13:18:20",41.9,-0.8,100,3325500,"S"
"VCI","13:18:19",41.9,-0.8,11000,3325400,"S"
"VCI","13:18:18",41.9,-0.8,200,3314400,"S"
"VCI","13:18:17",41.9,-0.8,500,3314200,"S"
"VCI","13:18:16",41.9,-0.8,100,3313700,"S"
"VCI","13:18:13",41.9,-0.8,500,3313600,"S"
"VCI","13:18:12",41.9,-0.8,300,3313100,"S"
"VCI","13:18:10",41.9,-0.8,5500,3312800,"S"
"VCI","13:18:09",41.9,-0.8,100,3307300,"S"
"VCI","13:18:07",41.9,-0.8,3000,3307200,"S"
"VCI","13:18:01",41.9,-0.8,500,3304200,"S"
"VCI","13:18:00",41.9,-0.8,100,3303700,"S"
"VCI","13:17:59",41.9,-0.8,1000,3303600,"S"
"VCI","13:17:55",41.9,-0.8,100,3302600,"S"
"VCI","13:17:53",41.9,-0.8,1000,3302500,"S"
"VCI","13:17:52",41.9,-0.8,100,3301500,"S"
"VCI","13:17:50",41.9,-0.8,1800,3301400,"B"
"VCI","13:17:45",41.9,-0.8,300,3299600,"B"
"VCI","13:17:42",41.95,-0.75,200,3299300,"S"
"VCI","13:17:40",41.9,-0.8,3000,3299100,"B"
"VCI","13:17:39",41.9,-0.8,1000,3296100,"B"
"VCI","13:17:37",41.9,-0.8,5000,3295100,"S"
"VCI","13:17:33",41.85,-0.85,2000,3290100,"B"
"VCI","13:17:33",41.9,-0.8,1000,3288100,"B"
"VCI","13:17:28",41.85,-0.85,4200,3287100,"B"
"VCI","13:17:28",41.9,-0.8,100,3282900,"B"
"VCI","13:17:20",41.85,-0.85,5000,3282800,"B"
"VCI","13:17:15",42,-0.7,100,3277800,"S"
"VCI","13:17:13",41.95,-0.75,500,3277700,"S"
"VCI","13:17:12",41.85,-0.85,1000,3277200,"B"
"VCI","13:17:11",41.85,-0.85,10700,3276200,"B"
"VCI","13:17:11",41.9,-0.8,94200,3265500,"B"
"VCI","13:17:11",41.95,-0.75,20100,3171300,"B"
"VCI","13:17:09",42,-0.7,200,3151200,"S"
"VCI","13:17:05",42,-0.7,1100,3151000,"S"
"VCI","13:17:04",42,-0.7,1000,3149900,"S"
"VCI","13:17:00",41.95,-0.75,2000,3148900,"B"
"VCI","13:17:00",42,-0.7,2000,3146900,"S"
"VCI","13:16:58",42,-0.7,100,3142900,"S"
"VCI","13:16:56",42,-0.7,200,3142800,"S"
"VCI","13:16:53",42,-0.7,200,3142600,"S"
"VCI","13:16:52",42,-0.7,100,3142400,"S"
"VCI","13:16:52",42,-0.7,2300,3142300,"S"
"VCI","13:16:48",42,-0.7,58200,3140000,"B"
"VCI","13:16:45",42,-0.7,5500,3081800,"B"
"VCI","13:16:44",42.05,-0.65,700,3076300,"S"
"VCI","13:16:44",42,-0.7,5000,3075600,"B"
"VCI","13:16:43",42.05,-0.65,300,3070600,"S"
"VCI","13:16:42",42,-0.7,180400,3070300,"B"
"VCI","13:16:34",42,-0.7,2000,2889900,"B"
"VCI","13:16:26",42.05,-0.65,500,2887900,"S"
"VCI","13:16:19",42,-0.7,500,2887400,"B"
"VCI","13:16:19",42,-0.7,300,2886900,"B"
"VCI","13:16:17",42,-0.7,3500,2886600,"B"
"VCI","13:16:16",42.05,-0.65,200,2883100,"S"
"VCI","13:16:15",42,-0.7,21000,2882900,"B"
"VCI","13:16:14",42,-0.7,4600,2861900,"B"
"VCI","13:16:14",42,-0.7,800,2857300,"B"
"VCI","13:16:12",42,-0.7,700,2856500,"B"
"VCI","13:16:11",42.05,-0.65,1000,2855800,"S"
"VCI","13:16:07",42.05,-0.65,100,2854800,"S"
"VCI","13:16:02",42,-0.7,200,2854700,"B"
"VCI","13:16:01",42,-0.7,10000,2854500,"B"
"VCI","13:16:01",42.05,-0.65,200,2844500,"S"
"VCI","13:16:01",42,-0.7,40000,2844300,"B"
"VCI","13:16:00",42.05,-0.65,3000,2804300,"S"
"VCI","13:15:54",42.05,-0.65,75900,2801300,"B"
"VCI","13:15:49",42.05,-0.65,7200,2725400,"B"
"VCI","13:15:43",42.05,-0.65,4000,2718200,"B"
"VCI","13:15:40",42.05,-0.65,10000,2714200,"B"
"VCI","13:15:24",42.05,-0.65,5000,2704200,"B"
"VCI","13:15:23",42.1,-0.6,2500,2699200,"S"
"VCI","13:15:05",42.1,-0.6,28400,2696700,"B"
"VCI","13:15:02",42.1,-0.6,4000,2668300,"B"
"VCI","13:14:48",42.15,-0.55,500,2664300,"S"
"VCI","13:14:37",42.15,-0.55,100,2663800,"S"
"VCI","13:14:36",42.15,-0.55,2000,2663700,"S"
"VCI","13:14:29",42.15,-0.55,200,2661700,"S"
"VCI","13:14:26",42.15,-0.55,1000,2661500,"S"
"VCI","13:14:21",42.15,-0.55,100,2660500,"S"
"VCI","13:14:11",42.15,-0.55,100,2660400,"S"
"VCI","13:14:00",42.15,-0.55,1000,2660300,"S"
"VCI","13:13:59",42.15,-0.55,500,2659300,"S"
"VCI","13:13:58",42.15,-0.55,100,2658800,"S"
"VCI","13:13:44",42.15,-0.55,100,2658700,"S"
"VCI","13:13:43",42.15,-0.55,1500,2658600,"S"
"VCI","13:13:41",42.15,-0.55,500,2657100,"S"
"VCI","13:12:59",42.15,-0.55,100,2656600,"S"
"VCI","13:12:53",42.15,-0.55,2000,2656500,"S"
"VCI","13:12:43",42.15,-0.55,1200,2652700,"S"
"VCI","13:12:43",42.1,-0.6,3000,2651500,"B"
"VCI","13:12:37",42.15,-0.55,100,2648500,"S"
"VCI","13:12:35",42.15,-0.55,500,2648400,"S"
"VCI","13:12:27",42.1,-0.6,1000,2647900,"B"
"VCI","13:12:24",42.15,-0.55,200,2646900,"S"
"VCI","13:12:20",42.15,-0.55,100,2646700,"S"
"VCI","13:12:15",42.15,-0.55,200,2646600,"S"
"VCI","13:12:02",42.15,-0.55,500,2646400,"S"
"VCI","13:11:17",42.1,-0.6,7800,2645900,"S"
"VCI","13:11:15",42.1,-0.6,5000,2638100,"S"
"VCI","13:11:14",42.1,-0.6,5000,2633100,"S"
"VCI","13:11:10",42.1,-0.6,1000,2628100,"S"
"VCI","13:11:09",42.1,-0.6,400,2627100,"S"
"VCI","13:11:08",42.1,-0.6,100,2626700,"S"
"VCI","13:11:06",42.1,-0.6,4200,2626600,"S"
"VCI","13:11:05",42.1,-0.6,300,2622400,"S"
"VCI","13:11:03",42.1,-0.6,100,2622100,"S"
"VCI","13:11:01",42.1,-0.6,1000,2622000,"S"
"VCI","13:11:00",42.1,-0.6,200,2621000,"S"
"VCI","13:10:59",42.1,-0.6,100,2620800,"S"
"VCI","13:10:49",42.1,-0.6,500,2620700,"S"
"VCI","13:10:39",42.1,-0.6,100,2620200,"S"
"VCI","13:10:37",42.1,-0.6,500,2620100,"S"
"VCI","13:10:35",42.1,-0.6,5000,2619600,"S"
"VCI","13:10:34",42.1,-0.6,500,2614600,"S"
"VCI","13:10:30",42.1,-0.6,100,2614100,"S"
"VCI","13:10:27",42.1,-0.6,1300,2614000,"S"
"VCI","13:10:23",42.1,-0.6,2000,2612700,"S"
"VCI","13:10:21",42.1,-0.6,100,2610700,"S"
"VCI","13:10:20",42.1,-0.6,200,2610600,"S"
"VCI","13:10:10",42.1,-0.6,100,2610400,"S"
"VCI","13:10:07",42.1,-0.6,59300,2610300,"B"
"VCI","13:10:07",42.15,-0.55,17200,2551000,"B"
"VCI","13:10:01",42.2,-0.5,200,2533800,"S"
"VCI","13:09:36",42.15,-0.55,10000,2533600,"B"
"VCI","13:09:24",42.15,-0.55,1400,2523600,"B"
"VCI","13:09:19",42.15,-0.55,400,2522200,"S"
"VCI","13:09:18",42.15,-0.55,5000,2521800,"S"
"VCI","13:09:18",42.15,-0.55,100,2516800,"S"
"VCI","13:09:16",42.15,-0.55,100,2516700,"S"
"VCI","13:09:15",42.15,-0.55,5000,2516600,"S"
"VCI","13:09:12",42.15,-0.55,600,2511600,"S"
"VCI","13:09:10",42.15,-0.55,5200,2511000,"S"
"VCI","13:09:09",42.15,-0.55,300,2505800,"S"
"VCI","13:09:08",42.15,-0.55,1000,2505500,"S"
"VCI","13:09:07",42.15,-0.55,900,2504500,"S"
"VCI","13:09:05",42.15,-0.55,500,2503600,"S"
"VCI","13:09:00",42.15,-0.55,5000,2503100,"S"
"VCI","13:08:55",42.15,-0.55,1000,2498100,"S"
"VCI","13:08:53",42.15,-0.55,5000,2497100,"S"
"VCI","13:08:49",42.15,-0.55,100,2492100,"S"
"VCI","13:08:48",42.15,-0.55,100,2492000,"S"
"VCI","13:08:46",42.1,-0.6,100,2491900,"B"
"VCI","13:08:42",42.15,-0.55,1000,2491800,"S"
"VCI","13:08:22",42.15,-0.55,5000,2490800,"B"
"VCI","13:08:15",42.1,-0.6,400,2485800,"B"
"VCI","13:08:12",42.15,-0.55,300,2485400,"S"
"VCI","13:08:08",42.15,-0.55,1000,2485100,"S"
"VCI","13:08:08",42.15,-0.55,500,2484100,"S"
"VCI","13:08:05",42.1,-0.6,100,2483600,"B"
"VCI","13:07:58",42.1,-0.6,400,2483500,"B"
"VCI","13:07:56",42.15,-0.55,500,2483100,"S"
"VCI","13:07:55",42.15,-0.55,500,2482600,"S"
"VCI","13:07:51",42.15,-0.55,2000,2482100,"S"
"VCI","13:07:51",42.15,-0.55,2500,2480100,"S"
"VCI","13:07:49",42.15,-0.55,100,2477600,"S"
"VCI","13:07:45",42.15,-0.55,1000,2477500,"S"
"VCI","13:07:44",42.15,-0.55,21200,2476500,"B"
"VCI","13:07:14",42.2,-0.5,2000,2455300,"S"
"VCI","13:06:51",42.15,-0.55,1000,2453300,"B"
"VCI","13:06:34",42.15,-0.55,5600,2452300,"S"
"VCI","13:06:32",42.15,-0.55,1000,2446700,"S"
"VCI","13:06:31",42.1,-0.6,700,2445700,"B"
"VCI","13:06:26",42.15,-0.55,100,2445000,"S"
"VCI","13:06:25",42.15,-0.55,200,2444900,"S"
"VCI","13:06:17",42.15,-0.55,9900,2444700,"B"
"VCI","13:05:52",42.15,-0.55,1700,2434800,"S"
"VCI","13:05:50",42.1,-0.6,1600,2433100,"B"
"VCI","13:05:49",42.1,-0.6,8400,2431500,"B"
"VCI","13:05:34",42.1,-0.6,500,2423100,"B"
"VCI","13:05:34",42.1,-0.6,5500,2422600,"S"
"VCI","13:05:33",42.1,-0.6,1000,2417100,"S"
"VCI","13:05:28",42.1,-0.6,1000,2416100,"S"
"VCI","13:05:25",42.1,-0.6,500,2415100,"S"
"VCI","13:05:22",42.1,-0.6,2000,2414600,"B"
"VCI","13:05:21",42.1,-0.6,10000,2412600,"B"
"VCI","13:05:14",42.1,-0.6,10000,2402600,"B"
"VCI","13:05:06",42.1,-0.6,4400,2392600,"S"
"VCI","13:05:05",42.1,-0.6,4600,2388200,"S"
"VCI","13:05:03",42.1,-0.6,600,2383600,"S"
"VCI","13:05:02",42.1,-0.6,6000,2383000,"S"
"VCI","13:05:01",42.05,-0.65,100,2377000,"B"
"VCI","13:04:55",42.1,-0.6,500,2376900,"S"
"VCI","13:04:54",42.05,-0.65,4700,2376400,"B"
"VCI","13:04:50",42.1,-0.6,500,2371700,"S"
"VCI","13:04:39",42.05,-0.65,5000,2371200,"B"
"VCI","13:04:35",42.05,-0.65,800,2366200,"B"
"VCI","13:04:33",42.1,-0.6,300,2365400,"S"
"VCI","13:04:30",42.1,-0.6,400,2365100,"S"
"VCI","13:04:25",42.1,-0.6,1000,2364700,"S"
"VCI","13:04:22",42.1,-0.6,3200,2363700,"S"
"VCI","13:04:20",42.1,-0.6,100,2360500,"S"
"VCI","13:04:19",42.05,-0.65,1000,2360400,"B"
"VCI","13:04:18",42.1,-0.6,7000,2359400,"S"
"VCI","13:04:11",42.1,-0.6,3000,2352400,"S"
"VCI","13:04:05",42.1,-0.6,100,2349400,"S"
"VCI","13:04:01",42.1,-0.6,5000,2349300,"S"
"VCI","13:03:59",42.1,-0.6,500,2344300,"S"
"VCI","13:03:51",42.1,-0.6,100,2343800,"S"
"VCI","13:03:50",42.1,-0.6,63600,2343700,"B"
"VCI","13:03:50",42.15,-0.55,23100,2280100,"B"
"VCI","13:03:49",42.15,-0.55,10000,2257000,"B"
"VCI","13:03:46",42.15,-0.55,10000,2247000,"B"
"VCI","13:03:39",42.2,-0.5,400,2237000,"S"
"VCI","13:03:25",42.15,-0.55,3000,2236600,"B"
"VCI","13:03:13",42.2,-0.5,200,2233600,"S"
"VCI","13:03:08",42.2,-0.5,200,2233400,"S"
"VCI","13:03:00",42.2,-0.5,300,2233200,"S"
"VCI","13:02:52",42.15,-0.55,6800,2232900,"B"
"VCI","13:02:51",42.15,-0.55,700,2226100,"B"
"VCI","13:02:47",42.2,-0.5,200,2225400,"S"
"VCI","13:02:45",42.2,-0.5,500,2225200,"S"
"VCI","13:02:37",42.2,-0.5,500,2224700,"S"
"VCI","13:02:21",42.15,-0.55,1000,2224200,"B"
"VCI","13:02:15",42.2,-0.5,600,2223200,"S"
"VCI","13:02:13",42.2,-0.5,1000,2222600,"S"
"VCI","13:02:04",42.2,-0.5,700,2221600,"S"
"VCI","13:02:02",42.2,-0.5,100,2220900,"S"
"VCI","13:01:50",42.2,-0.5,400,2220800,"S"
"VCI","13:00:51",42.15,-0.55,800,2220400,"B"
"VCI","13:00:35",42.2,-0.5,400,2219600,"B"
"VCI","13:00:33",42.15,-0.55,700,2219200,"B"
"VCI","13:00:31",42.15,-0.55,600,2218500,"B"
"VCI","13:00:29",42.15,-0.55,1200,2217900,"B"
"VCI","13:00:29",42.2,-0.5,3800,2216700,"B"
"VCI","13:00:26",42.2,-0.5,200,2212900,"B"
"VCI","13:00:25",42.2,-0.5,100,2212700,"B"
"VCI","13:00:21",42.2,-0.5,1600,2212600,"S"
"VCI","13:00:15",42.15,-0.55,4000,2211000,"B"
"VCI","13:00:13",42.15,-0.55,7500,2207000,"B"
"VCI","13:00:13",42.2,-0.5,6100,2199500,"B"
"VCI","13:00:11",42.2,-0.5,1500,2193400,"B"
"VCI","13:00:10",42.2,-0.5,5000,2191900,"B"
"VCI","13:00:08",42.2,-0.5,600,2186900,"B"
"VCI","13:00:07",42.2,-0.5,100,2186300,"B"
"VCI","13:00:06",42.2,-0.5,100,2186200,"B"
"VCI","13:00:05",42.2,-0.5,3000,2186100,"B"
"VCI","13:00:04",42.2,-0.5,500,2183100,"B"
"VCI","13:00:04",42.25,-0.45,1200,2182600,"S"
"VCI","13:00:03",42.2,-0.5,300,2181400,"B"
"VCI","13:00:02",42.2,-0.5,500,2181100,"B"
"VCI","13:00:01",42.2,-0.5,800,2180600,"B"
"VCI","13:00:00",42.2,-0.5,30700,2179800,"S"
"VCI","13:00:00",42.15,-0.55,5600,2149100,"B"
"VCI","11:29:49",42.15,-0.55,2600,2143500,"B"
"VCI","11:29:48",42.15,-0.55,100,2140900,"B"
"VCI","11:29:36",42.15,-0.55,5900,2140800,"S"
"VCI","11:29:34",42.15,-0.55,100,2134900,"S"
"VCI","11:29:30",42.15,-0.55,200,2134800,"S"
"VCI","11:29:28",42.15,-0.55,200,2134600,"S"
"VCI","11:29:26",42.15,-0.55,1500,2134400,"S"
"VCI","11:29:23",42.15,-0.55,2000,2132900,"S"
"VCI","11:29:19",42.15,-0.55,500,2130900,"S"
"VCI","11:29:18",42.15,-0.55,100,2130400,"S"
"VCI","11:29:16",42.1,-0.6,16400,2130300,"B"
"VCI","11:29:08",42.1,-0.6,4200,2113900,"B"
"VCI","11:29:08",42.15,-0.55,5800,2109700,"B"
"VCI","11:29:06",42.15,-0.55,200,2103900,"B"
"VCI","11:28:55",42.15,-0.55,5000,2103700,"B"
"VCI","11:28:51",42.15,-0.55,200,2098700,"B"
"VCI","11:28:49",42.2,-0.5,100,2098500,"S"
"VCI","11:28:47",42.15,-0.55,500,2098400,"B"
"VCI","11:28:45",42.15,-0.55,2000,2097900,"B"
"VCI","11:28:42",42.15,-0.55,1400,2095900,"B"
"VCI","11:28:37",42.15,-0.55,8000,2094500,"B"
"VCI","11:28:37",42.15,-0.55,8000,2086500,"B"
"VCI","11:28:33",42.15,-0.55,7900,2078500,"B"
"VCI","11:28:16",42.15,-0.55,6000,2070600,"B"
"VCI","11:28:06",42.2,-0.5,2900,2064600,"S"
"VCI","11:28:06",42.2,-0.5,100,2061700,"S"
"VCI","11:28:03",42.2,-0.5,22200,2061600,"B"
"VCI","11:28:02",42.2,-0.5,25000,2039400,"B"
"VCI","11:27:58",42.2,-0.5,6900,2014400,"B"
"VCI","11:27:56",42.25,-0.45,200,2007500,"S"
"VCI","11:27:52",42.25,-0.45,100,2007300,"S"
"VCI","11:27:52",42.25,-0.45,200,2007200,"S"
"VCI","11:27:50",42.25,-0.45,200,2007000,"S"
"VCI","11:27:42",42.25,-0.45,100,2006800,"S"
"VCI","11:27:29",42.2,-0.5,4900,2006700,"B"
"VCI","11:27:29",42.25,-0.45,100,2001800,"B"
"VCI","11:27:27",42.25,-0.45,900,2001700,"S"
"VCI","11:27:22",42.25,-0.45,2100,2000800,"B"
"VCI","11:27:16",42.25,-0.45,400,1998700,"B"
"VCI","11:27:13",42.25,-0.45,1000,1998300,"B"
"VCI","11:27:12",42.25,-0.45,500,1997300,"B"
"VCI","11:27:04",42.25,-0.45,5500,1996800,"B"
"VCI","11:27:02",42.3,-0.4,200,1991300,"S"
"VCI","11:26:56",42.25,-0.45,23000,1991100,"B"
"VCI","11:26:56",42.25,-0.45,10000,1968100,"B"
"VCI","11:26:54",42.25,-0.45,1000,1958100,"B"
"VCI","11:26:48",42.3,-0.4,100,1957100,"S"
"VCI","11:26:47",42.25,-0.45,1000,1957000,"B"
"VCI","11:26:41",42.3,-0.4,2000,1956000,"S"
"VCI","11:26:40",42.3,-0.4,1300,1954000,"B"
"VCI","11:26:39",42.3,-0.4,19500,1952700,"B"
"VCI","11:26:38",42.3,-0.4,50500,1933200,"B"
"VCI","11:26:32",42.3,-0.4,200,1882700,"B"
"VCI","11:25:30",42.35,-0.35,200,1882500,"S"
"VCI","11:25:16",42.35,-0.35,1100,1882300,"S"
"VCI","11:25:04",42.35,-0.35,300,1881200,"B"
"VCI","11:25:00",42.35,-0.35,500,1880900,"S"
"VCI","11:24:43",42.35,-0.35,1500,1880400,"B"
"VCI","11:24:23",42.35,-0.35,300,1878900,"S"
"VCI","11:24:00",42.35,-0.35,200,1878600,"S"
"VCI","11:23:57",42.3,-0.4,200,1878400,"B"
"VCI","11:23:53",42.35,-0.35,14000,1878200,"S"
"VCI","11:23:51",42.3,-0.4,1000,1864200,"B"
"VCI","11:23:19",42.3,-0.4,1000,1863200,"B"
"VCI","11:22:55",42.35,-0.35,1300,1862200,"B"
"VCI","11:22:44",42.35,-0.35,300,1844500,"B"
"VCI","11:22:14",42.35,-0.35,1000,1844200,"B"
"VCI","11:21:34",42.35,-0.35,1000,1843200,"B"
"VCI","11:21:20",42.35,-0.35,3000,1842200,"B"
"VCI","11:21:11",42.35,-0.35,1000,1839200,"B"
"VCI","11:20:56",42.35,-0.35,1000,1838200,"B"
"VCI","11:20:38",42.35,-0.35,1000,1837200,"B"
"VCI","11:20:19",42.35,-0.35,700,1836200,"B"
"VCI","11:20:10",42.4,-0.3,1400,1835500,"S"
"VCI","11:19:51",42.4,-0.3,200,1834100,"S"
"VCI","11:19:46",42.35,-0.35,100,1833900,"B"
"VCI","11:19:31",42.35,-0.35,5000,1833800,"B"
"VCI","11:19:05",42.4,-0.3,100,1828800,"S"
"VCI","11:18:54",42.4,-0.3,100,1828700,"S"
"VCI","11:18:53",42.4,-0.3,200,1828600,"S"
"VCI","11:18:35",42.4,-0.3,500,1828400,"S"
"VCI","11:18:18",42.4,-0.3,1000,1827900,"S"
"VCI","11:17:53",42.35,-0.35,25200,1826900,"B"
"VCI","11:17:35",42.35,-0.35,200,1801700,"B"
"VCI","11:17:31",42.35,-0.35,2000,1801500,"B"
"VCI","11:17:18",42.35,-0.35,100,1799500,"B"
"VCI","11:17:09",42.35,-0.35,500,1799400,"B"
"VCI","11:16:03",42.35,-0.35,800,1798900,"B"
"VCI","11:15:49",42.4,-0.3,500,1798100,"S"
"VCI","11:15:48",42.35,-0.35,100,1797600,"B"
"VCI","11:15:43",42.4,-0.3,2800,1797500,"B"
"VCI","11:15:38",42.4,-0.3,10000,1794700,"B"
"VCI","11:15:29",42.4,-0.3,1000,1784700,"B"
"VCI","11:14:50",42.4,-0.3,1000,1783700,"B"
"VCI","11:14:48",42.45,-0.25,1000,1782700,"S"
"VCI","11:14:22",42.4,-0.3,1000,1781700,"B"
"VCI","11:14:21",42.45,-0.25,500,1780700,"S"
"VCI","11:14:14",42.4,-0.3,1000,1780200,"B"
"VCI","11:13:46",42.4,-0.3,1000,1779200,"B"
"VCI","11:13:40",42.4,-0.3,1500,1778200,"B"
"VCI","11:13:29",42.4,-0.3,2500,1776700,"B"
"VCI","11:13:22",42.4,-0.3,100,1774200,"B"
"VCI","11:13:17",42.4,-0.3,1500,1774100,"B"
"VCI","11:13:16",42.45,-0.25,600,1772600,"S"
"VCI","11:13:11",42.45,-0.25,200,1772000,"S"
"VCI","11:13:07",42.45,-0.25,1500,1771800,"S"
"VCI","11:12:56",42.4,-0.3,2000,1770300,"B"
"VCI","11:12:54",42.4,-0.3,1000,1768300,"B"
"VCI","11:12:38",42.4,-0.3,8300,1767300,"S"
"VCI","11:12:21",42.35,-0.35,2000,1759000,"B"
"VCI","11:12:15",42.35,-0.35,6900,1757000,"B"
"VCI","11:12:13",42.4,-0.3,1000,1750100,"S"
"VCI","11:11:49",42.35,-0.35,500,1749100,"B"
"VCI","11:11:38",42.35,-0.35,100,1748600,"B"
"VCI","11:11:23",42.4,-0.3,2000,1748500,"S"
"VCI","11:11:20",42.35,-0.35,300,1746500,"B"
"VCI","11:11:13",42.35,-0.35,2200,1746200,"B"
"VCI","11:10:59",42.4,-0.3,100,1744000,"S"
"VCI","11:10:55",42.4,-0.3,500,1743900,"S"
"VCI","11:10:49",42.35,-0.35,6000,1743400,"B"
"VCI","11:10:41",42.35,-0.35,1000,1737400,"B"
"VCI","11:09:36",42.35,-0.35,100,1736400,"B"
"VCI","11:09:16",42.35,-0.35,3800,1736300,"B"
"VCI","11:09:06",42.35,-0.35,500,1732500,"B"
"VCI","11:08:48",42.35,-0.35,8000,1732000,"B"
"VCI","11:08:29",42.35,-0.35,5000,1724000,"B"
"VCI","11:08:19",42.4,-0.3,1000,1719000,"S"
"VCI","11:07:53",42.35,-0.35,3000,1718000,"B"
"VCI","11:07:45",42.35,-0.35,15000,1715000,"B"
"VCI","11:06:56",42.35,-0.35,1400,1700000,"S"
"VCI","11:06:53",42.35,-0.35,8900,1698600,"B"
"VCI","11:06:36",42.35,-0.35,1500,1689700,"S"
"VCI","11:06:36",42.3,-0.4,10000,1688200,"B"
"VCI","11:06:33",42.35,-0.35,1000,1678200,"S"
"VCI","11:06:29",42.35,-0.35,1000,1677200,"S"
"VCI","11:06:28",42.35,-0.35,1300,1676200,"S"
"VCI","11:06:26",42.35,-0.35,300,1674900,"S"
"VCI","11:06:25",42.35,-0.35,23300,1674600,"S"
"VCI","11:06:23",42.35,-0.35,500,1651300,"S"
"VCI","11:06:18",42.35,-0.35,500,1650800,"S"
"VCI","11:06:11",42.35,-0.35,3000,1650300,"S"
"VCI","11:06:06",42.35,-0.35,500,1647300,"S"
"VCI","11:05:57",42.35,-0.35,500,1646800,"S"
"VCI","11:05:54",42.35,-0.35,200,1646300,"S"
"VCI","11:05:48",42.35,-0.35,100,1646100,"S"
"VCI","11:05:47",42.35,-0.35,100,1646000,"S"
"VCI","11:05:39",42.35,-0.35,1000,1645900,"S"
"VCI","11:05:35",42.35,-0.35,1000,1644900,"S"
"VCI","11:05:26",42.35,-0.35,200,1643900,"S"
"VCI","11:05:17",42.35,-0.35,100,1643700,"S"
"VCI","11:05:15",42.35,-0.35,200,1643600,"B"
"VCI","11:05:11",42.35,-0.35,500,1643400,"B"
"VCI","11:05:08",42.3,-0.4,7100,1642900,"B"
"VCI","11:05:08",42.35,-0.35,200,1635800,"B"
"VCI","11:05:06",42.35,-0.35,3800,1635600,"B"
"VCI","11:05:05",42.35,-0.35,1000,1631800,"B"
"VCI","11:05:04",42.35,-0.35,10000,1630800,"B"
"VCI","11:04:57",42.35,-0.35,5000,1620800,"B"
"VCI","11:04:44",42.35,-0.35,2000,1615800,"B"
"VCI","11:04:42",42.35,-0.35,300,1613800,"B"
"VCI","11:04:39",42.35,-0.35,7200,1613500,"B"
"VCI","11:04:37",42.35,-0.35,2000,1606300,"B"
"VCI","11:04:20",42.35,-0.35,1400,1604300,"B"
"VCI","11:03:43",42.4,-0.3,5000,1602900,"S"
"VCI","11:03:42",42.4,-0.3,100,1597900,"S"
"VCI","11:03:39",42.4,-0.3,100,1597800,"S"
"VCI","11:03:38",42.4,-0.3,13000,1597700,"B"
"VCI","11:03:34",42.4,-0.3,2400,1584700,"B"
"VCI","11:03:31",42.4,-0.3,2000,1582300,"B"
"VCI","11:03:30",42.45,-0.25,2500,1580300,"S"
"VCI","11:03:29",42.4,-0.3,3000,1577800,"B"
"VCI","11:03:27",42.4,-0.3,15000,1574800,"B"
"VCI","11:03:23",42.4,-0.3,10000,1559800,"B"
"VCI","11:03:12",42.45,-0.25,200,1549800,"S"
"VCI","11:03:08",42.4,-0.3,2000,1549600,"B"
"VCI","11:02:52",42.4,-0.3,5200,1547600,"B"
"VCI","11:02:22",42.4,-0.3,400,1532600,"B"
"VCI","11:02:15",42.45,-0.25,700,1532200,"S"
"VCI","11:02:10",42.4,-0.3,1000,1531500,"B"
"VCI","11:02:09",42.4,-0.3,500,1530500,"B"
"VCI","11:01:53",42.4,-0.3,7000,1530000,"B"
"VCI","11:01:15",42.45,-0.25,1900,1523000,"S"
"VCI","11:01:11",42.45,-0.25,100,1521100,"S"
"VCI","11:00:56",42.4,-0.3,5000,1521000,"B"
"VCI","11:00:52",42.45,-0.25,500,1516000,"S"
"VCI","11:00:39",42.4,-0.3,4000,1515500,"B"
"VCI","11:00:33",42.4,-0.3,400,1511500,"B"
"VCI","11:00:14",42.45,-0.25,2900,1510800,"S"
"VCI","10:59:48",42.45,-0.25,5700,1507900,"B"
"VCI","10:59:47",42.5,-0.2,600,1502200,"S"
"VCI","10:59:45",42.45,-0.25,1800,1501600,"B"
"VCI","10:59:41",42.45,-0.25,20000,1499800,"B"
"VCI","10:59:25",42.45,-0.25,5200,1479800,"B"
"VCI","10:59:22",42.45,-0.25,1400,1474600,"B"
"VCI","10:59:16",42.45,-0.25,11600,1473200,"B"
"VCI","10:59:16",42.45,-0.25,2400,1461600,"B"
"VCI","10:59:14",42.45,-0.25,4000,1459200,"B"
"VCI","10:59:12",42.45,-0.25,2000,1455200,"B"
"VCI","10:58:52",42.45,-0.25,3000,1453200,"B"
"VCI","10:58:42",42.45,-0.25,10000,1450200,"B"
"VCI","10:58:28",42.5,-0.2,100,1440200,"S"
"VCI","10:58:15",42.5,-0.2,200,1440100,"S"
"VCI","10:58:12",42.5,-0.2,5000,1439900,"S"
"VCI","10:57:39",42.5,-0.2,500,1434900,"S"
"VCI","10:57:29",42.45,-0.25,300,1434400,"B"
"VCI","10:57:16",42.5,-0.2,500,1434100,"S"
"VCI","10:55:58",42.5,-0.2,46800,1433600,"B"
"VCI","10:55:47",42.5,-0.2,200,1386800,"B"
"VCI","10:55:40",42.5,-0.2,100,1386600,"B"
"VCI","10:55:37",42.55,-0.15,100,1386500,"S"
"VCI","10:54:33",42.55,-0.15,2800,1386400,"S"
"VCI","10:53:49",42.55,-0.15,200,1383600,"S"
"VCI","10:53:25",42.55,-0.15,400,1383400,"S"
"VCI","10:52:54",42.55,-0.15,1200,1383000,"S"
"VCI","10:52:51",42.5,-0.2,300,1381800,"B"
"VCI","10:52:29",42.55,-0.15,1400,1381500,"S"
"VCI","10:52:24",42.5,-0.2,5000,1380100,"B"
"VCI","10:52:17",42.55,-0.15,1000,1375100,"S"
"VCI","10:52:09",42.5,-0.2,1000,1374100,"B"
"VCI","10:52:06",42.5,-0.2,5000,1373100,"B"
"VCI","10:51:32",42.55,-0.15,5000,1368100,"S"
"VCI","10:51:21",42.5,-0.2,100,1363100,"B"
"VCI","10:50:52",42.5,-0.2,400,1363000,"B"
"VCI","10:50:38",42.55,-0.15,4900,1362600,"B"
"VCI","10:50:35",42.55,-0.15,1000,1357700,"B"
"VCI","10:50:22",42.55,-0.15,3000,1356700,"B"
"VCI","10:50:16",42.55,-0.15,4000,1353700,"B"
"VCI","10:50:13",42.6,-0.1,5000,1349700,"S"
"VCI","10:50:08",42.6,-0.1,5000,1344700,"S"
"VCI","10:50:02",42.55,-0.15,7300,1339700,"S"
"VCI","10:49:57",42.55,-0.15,10100,1332400,"B"
"VCI","10:49:57",42.55,-0.15,1700,1322300,"B"
"VCI","10:49:48",42.55,-0.15,5000,1320600,"B"
"VCI","10:49:40",42.55,-0.15,3400,1315600,"B"
"VCI","10:48:25",42.6,-0.1,500,1312200,"S"
"VCI","10:48:16",42.6,-0.1,1000,1311700,"S"
"VCI","10:47:58",42.55,-0.15,2000,1310700,"B"
"VCI","10:47:45",42.6,-0.1,1000,1308700,"S"
"VCI","10:47:14",42.6,-0.1,1000,1307700,"S"
"VCI","10:47:03",42.6,-0.1,200,1306700,"S"
"VCI","10:46:52",42.6,-0.1,1000,1306500,"S"
"VCI","10:46:48",42.6,-0.1,500,1305500,"S"
"VCI","10:46:44",42.6,-0.1,100,1305000,"S"
"VCI","10:46:37",42.55,-0.15,1000,1304900,"B"
"VCI","10:46:30",42.6,-0.1,4200,1303900,"B"
"VCI","10:45:55",42.6,-0.1,4800,1299700,"B"
"VCI","10:45:44",42.6,-0.1,5000,1294900,"B"
"VCI","10:45:17",42.6,-0.1,1000,1289900,"B"
"VCI","10:45:04",42.65,-0.05,100,1288900,"S"
"VCI","10:44:43",42.65,-0.05,500,1288800,"S"
"VCI","10:44:35",42.6,-0.1,8000,1288300,"B"
"VCI","10:44:21",42.6,-0.1,200,1280300,"B"
"VCI","10:44:19",42.6,-0.1,2300,1280100,"B"
"VCI","10:44:13",42.6,-0.1,200,1277800,"B"
"VCI","10:43:56",42.65,-0.05,100,1277600,"S"
"VCI","10:43:48",42.6,-0.1,3700,1277500,"B"
"VCI","10:43:07",42.6,-0.1,100,1273800,"B"
"VCI","10:43:05",42.6,-0.1,1000,1273700,"B"
"VCI","10:42:34",42.6,-0.1,100,1272700,"B"
"VCI","10:42:05",42.6,-0.1,49500,1272600,"S"
"VCI","10:42:03",42.55,-0.15,2800,1223100,"B"
"VCI","10:41:58",42.55,-0.15,500,1220300,"B"
"VCI","10:41:56",42.55,-0.15,500,1219800,"B"
"VCI","10:41:50",42.55,-0.15,1000,1219300,"B"
"VCI","10:41:49",42.6,-0.1,1000,1218300,"S"
"VCI","10:41:05",42.6,-0.1,500,1217300,"S"
"VCI","10:40:45",42.55,-0.15,500,1216800,"B"
"VCI","10:40:12",42.55,-0.15,2200,1216300,"B"
"VCI","10:39:58",42.55,-0.15,100,1214100,"B"
"VCI","10:39:56",42.55,-0.15,1000,1214000,"B"
"VCI","10:39:46",42.55,-0.15,3000,1213000,"B"
"VCI","10:39:43",42.55,-0.15,200,1210000,"B"
"VCI","10:38:32",42.55,-0.15,2000,1209800,"B"
"VCI","10:38:26",42.55,-0.15,21800,1207800,"S"
"VCI","10:38:10",42.5,-0.2,11000,1186000,"B"
"VCI","10:37:55",42.5,-0.2,1000,1175000,"B"
"VCI","10:37:50",42.5,-0.2,800,1174000,"B"
"VCI","10:36:33",42.5,-0.2,14300,1173200,"S"
"VCI","10:36:20",42.5,-0.2,500,1158900,"S"
"VCI","10:36:10",42.5,-0.2,1000,1158400,"S"
"VCI","10:36:03",42.5,-0.2,100,1157400,"S"
"VCI","10:35:58",42.5,-0.2,700,1157300,"S"
"VCI","10:35:55",42.5,-0.2,1500,1156600,"B"
"VCI","10:35:53",42.55,-0.15,100,1155100,"S"
"VCI","10:35:52",42.55,-0.15,1000,1155000,"S"
"VCI","10:35:28",42.55,-0.15,1000,1154000,"S"
"VCI","10:35:08",42.5,-0.2,3800,1153000,"B"
"VCI","10:34:28",42.5,-0.2,100,1149200,"B"
"VCI","10:34:27",42.5,-0.2,5000,1149100,"B"
"VCI","10:34:21",42.5,-0.2,100,1144100,"B"
"VCI","10:34:14",42.5,-0.2,1300,1144000,"B"
"VCI","10:33:58",42.5,-0.2,7200,1142700,"B"
"VCI","10:33:49",42.55,-0.15,7000,1135500,"S"
"VCI","10:33:40",42.55,-0.15,100,1128500,"S"
"VCI","10:33:29",42.5,-0.2,200,1128400,"B"
"VCI","10:33:05",42.5,-0.2,300,1128200,"B"
"VCI","10:33:03",42.55,-0.15,3500,1127900,"S"
"VCI","10:32:50",42.5,-0.2,1500,1124400,"S"
"VCI","10:32:42",42.5,-0.2,9500,1122900,"B"
"VCI","10:32:36",42.5,-0.2,2300,1113400,"B"
"VCI","10:32:27",42.5,-0.2,3000,1111100,"B"
"VCI","10:32:24",42.55,-0.15,1000,1108100,"S"
"VCI","10:32:15",42.5,-0.2,1000,1107100,"B"
"VCI","10:32:02",42.5,-0.2,2000,1106100,"B"
"VCI","10:31:53",42.5,-0.2,900,1104100,"B"
"VCI","10:31:35",42.45,-0.25,2900,1103200,"B"
"VCI","10:31:35",42.5,-0.2,2100,1100300,"B"
"VCI","10:31:32",42.5,-0.2,500,1098200,"S"
"VCI","10:31:13",42.5,-0.2,2500,1097700,"B"
"VCI","10:31:07",42.5,-0.2,51300,1095200,"B"
"VCI","10:30:43",42.5,-0.2,300,1043900,"B"
"VCI","10:30:41",42.5,-0.2,900,1043600,"S"
"VCI","10:30:40",42.45,-0.25,200,1042700,"B"
"VCI","10:30:35",42.5,-0.2,10000,1042500,"S"
"VCI","10:30:34",42.5,-0.2,100,1032500,"S"
"VCI","10:30:32",42.5,-0.2,5000,1032400,"S"
"VCI","10:30:31",42.5,-0.2,4000,1027400,"S"
"VCI","10:30:29",42.5,-0.2,2000,1023400,"S"
"VCI","10:30:26",42.5,-0.2,500,1021400,"S"
"VCI","10:30:16",42.45,-0.25,200,1020900,"B"
"VCI","10:30:13",42.5,-0.2,200,1020700,"S"
"VCI","10:30:12",42.5,-0.2,2000,1020500,"S"
"VCI","10:29:56",42.5,-0.2,2000,1018500,"S"
"VCI","10:29:44",42.5,-0.2,2500,1016500,"S"
"VCI","10:29:43",42.5,-0.2,500,1014000,"S"
"VCI","10:29:41",42.5,-0.2,100,1013500,"S"
"VCI","10:29:27",42.5,-0.2,500,1013400,"S"
"VCI","10:29:00",42.5,-0.2,500,1012900,"S"
"VCI","10:28:54",42.5,-0.2,2000,1012400,"S"
"VCI","10:28:53",42.5,-0.2,300,1010400,"S"
"VCI","10:28:41",42.5,-0.2,200,1010100,"S"
"VCI","10:28:26",42.5,-0.2,100,1009900,"S"
"VCI","10:28:23",42.5,-0.2,100,1009800,"S"
"VCI","10:28:17",42.5,-0.2,25000,1009700,"S"
"VCI","10:28:16",42.45,-0.25,100,984700,"B"
"VCI","10:28:09",42.5,-0.2,300,984600,"S"
"VCI","10:28:05",42.5,-0.2,200,984300,"S"
"VCI","10:27:53",42.5,-0.2,500,984100,"S"
"VCI","10:27:52",42.5,-0.2,3000,983600,"S"
"VCI","10:27:51",42.5,-0.2,2000,980600,"S"
"VCI","10:27:46",42.5,-0.2,100,978600,"S"
"VCI","10:27:18",42.5,-0.2,6600,978500,"S"
"VCI","10:27:09",42.45,-0.25,1000,971900,"B"
"VCI","10:26:57",42.45,-0.25,100,970900,"B"
"VCI","10:26:20",42.45,-0.25,2100,970800,"S"
"VCI","10:26:16",42.45,-0.25,3000,968700,"S"
"VCI","10:26:14",42.45,-0.25,100,965700,"S"
"VCI","10:26:11",42.45,-0.25,1000,965600,"S"
"VCI","10:26:07",42.45,-0.25,500,964600,"S"
"VCI","10:26:05",42.45,-0.25,2000,964100,"S"
"VCI","10:26:01",42.45,-0.25,300,962100,"S"
"VCI","10:25:55",42.45,-0.25,500,961800,"S"
"VCI","10:25:50",42.45,-0.25,900,961300,"B"
"VCI","10:25:48",42.45,-0.25,2000,960400,"B"
"VCI","10:25:45",42.45,-0.25,23000,958400,"B"
"VCI","10:25:44",42.5,-0.2,4400,935400,"S"
"VCI","10:25:36",42.45,-0.25,12300,931000,"B"
"VCI","10:25:32",42.5,-0.2,1000,918700,"S"
"VCI","10:25:32",42.5,-0.2,8900,917700,"B"
"VCI","10:25:27",42.5,-0.2,3000,908800,"B"
"VCI","10:25:22",42.5,-0.2,700,905800,"B"
"VCI","10:25:19",42.5,-0.2,12800,905100,"B"
"VCI","10:25:12",42.5,-0.2,90000,892300,"B"
"VCI","10:25:10",42.5,-0.2,5000,802300,"B"
"VCI","10:25:03",42.5,-0.2,500,797300,"B"
"VCI","10:24:22",42.5,-0.2,5000,796800,"B"
"VCI","10:24:09",42.55,-0.15,100,791800,"S"
"VCI","10:24:02",42.55,-0.15,200,791700,"S"
"VCI","10:23:57",42.5,-0.2,2000,791500,"B"
"VCI","10:23:29",42.5,-0.2,14000,789500,"B"
"VCI","10:22:53",42.55,-0.15,10400,775500,"B"
"VCI","10:22:47",42.55,-0.15,1000,765100,"B"
"VCI","10:22:44",42.55,-0.15,1000,764100,"B"
"VCI","10:22:20",42.55,-0.15,3000,763100,"B"
"VCI","10:21:38",42.55,-0.15,3000,760100,"B"
"VCI","10:21:34",42.55,-0.15,600,757100,"B"
"VCI","10:20:57",42.55,-0.15,3000,756500,"B"
"VCI","10:20:52",42.55,-0.15,10000,753500,"B"
"VCI","10:19:53",42.55,-0.15,10000,743500,"B"
"VCI","10:19:44",42.55,-0.15,4000,733500,"B"
"VCI","10:19:37",42.55,-0.15,14600,729500,"B"
"VCI","10:19:09",42.6,-0.1,2100,714900,"B"
"VCI","10:18:54",42.6,-0.1,13000,712800,"S"
"VCI","10:18:37",42.55,-0.15,2000,699800,"B"
"VCI","10:18:14",42.6,-0.1,200,697800,"S"
"VCI","10:17:24",42.55,-0.15,100,697600,"B"
"VCI","10:17:13",42.6,-0.1,100,697500,"S"
"VCI","10:16:50",42.6,-0.1,500,697400,"S"
"VCI","10:16:38",42.6,-0.1,100,696900,"S"
"VCI","10:16:32",42.6,-0.1,5000,696800,"S"
"VCI","10:16:15",42.6,-0.1,1400,691800,"B"
"VCI","10:15:49",42.6,-0.1,1000,690400,"B"
"VCI","10:15:15",42.6,-0.1,100,689400,"S"
"VCI","10:14:32",42.6,-0.1,400,689300,"S"
"VCI","10:14:10",42.6,-0.1,100,688900,"S"
"VCI","10:13:51",42.6,-0.1,100,688800,"S"
"VCI","10:13:40",42.6,-0.1,10000,688700,"S"
"VCI","10:13:24",42.6,-0.1,1000,678700,"S"
"VCI","10:13:19",42.6,-0.1,100,677700,"S"
"VCI","10:13:12",42.6,-0.1,300,677600,"S"
"VCI","10:12:41",42.6,-0.1,300,677300,"S"
"VCI","10:11:54",42.6,-0.1,8000,677000,"B"
"VCI","10:11:00",42.6,-0.1,300,669000,"B"
"VCI","10:09:53",42.6,-0.1,200,668700,"S"
"VCI","10:09:47",42.6,-0.1,1800,668500,"S"
"VCI","10:09:45",42.6,-0.1,100,666700,"S"
"VCI","10:09:35",42.6,-0.1,200,666600,"S"
"VCI","10:09:30",42.6,-0.1,200,666400,"S"
"VCI","10:09:29",42.6,-0.1,3000,666200,"S"
"VCI","10:09:25",42.6,-0.1,500,663200,"S"
"VCI","10:09:14",42.6,-0.1,1000,662700,"S"
"VCI","10:09:12",42.6,-0.1,100,661700,"S"
"VCI","10:09:11",42.6,-0.1,1600,661600,"S"
"VCI","10:09:09",42.6,-0.1,1000,660000,"S"
"VCI","10:08:55",42.6,-0.1,500,659000,"S"
"VCI","10:08:51",42.6,-0.1,2500,658500,"S"
"VCI","10:08:49",42.6,-0.1,3000,656000,"S"
"VCI","10:08:49",42.6,-0.1,500,653000,"S"
"VCI","10:08:48",42.6,-0.1,100,652500,"S"
"VCI","10:08:33",42.6,-0.1,100,652400,"S"
"VCI","10:08:31",42.6,-0.1,100,652300,"S"
"VCI","10:08:24",42.6,-0.1,3100,652200,"S"
"VCI","10:08:23",42.6,-0.1,7300,649100,"B"
"VCI","10:08:18",42.6,-0.1,200,641800,"S"
"VCI","10:08:05",42.6,-0.1,10000,641600,"S"
"VCI","10:07:11",42.55,-0.15,1300,631600,"B"
"VCI","10:06:52",42.55,-0.15,4600,630300,"B"
"VCI","10:06:52",42.6,-0.1,600,625700,"B"
"VCI","10:06:43",42.6,-0.1,100,625100,"S"
"VCI","10:06:12",42.55,-0.15,1500,625000,"B"
"VCI","10:06:11",42.55,-0.15,8500,623500,"B"
"VCI","10:05:20",42.55,-0.15,23500,615000,"B"
"VCI","10:05:19",42.55,-0.15,26500,591500,"B"
"VCI","10:04:54",42.55,-0.15,9300,565000,"B"
"VCI","10:04:54",42.6,-0.1,500,555700,"B"
"VCI","10:04:24",42.6,-0.1,100,555200,"S"
"VCI","10:04:22",42.6,-0.1,300,555100,"S"
"VCI","10:04:20",42.6,-0.1,2400,554800,"S"
"VCI","10:03:59",42.55,-0.15,3500,552400,"B"
"VCI","10:03:50",42.55,-0.15,15900,548900,"S"
"VCI","10:03:39",42.55,-0.15,100,533000,"S"
"VCI","10:03:38",42.55,-0.15,200,532900,"S"
"VCI","10:03:38",42.55,-0.15,500,532700,"S"
"VCI","10:03:24",42.55,-0.15,1000,532200,"S"
"VCI","10:03:14",42.55,-0.15,1000,531200,"S"
"VCI","10:03:10",42.55,-0.15,5000,530200,"S"
"VCI","10:03:08",42.55,-0.15,300,525200,"B"
"VCI","10:03:07",42.55,-0.15,1700,524900,"S"
"VCI","10:03:03",42.55,-0.15,15200,523200,"B"
"VCI","10:03:02",42.6,-0.1,1000,508000,"S"
"VCI","10:02:29",42.6,-0.1,2200,507000,"B"
"VCI","10:02:26",42.6,-0.1,5000,504800,"B"
"VCI","10:02:24",42.6,-0.1,4600,499800,"B"
"VCI","10:02:07",42.6,-0.1,1000,495200,"B"
"VCI","10:01:39",42.6,-0.1,100,494200,"B"
"VCI","10:01:37",42.6,-0.1,1500,494100,"S"
"VCI","10:01:04",42.6,-0.1,2500,492600,"B"
"VCI","10:00:42",42.65,-0.05,1100,490100,"B"
"VCI","10:00:41",42.65,-0.05,1900,489000,"B"
"VCI","10:00:35",42.65,-0.05,500,487100,"B"
"VCI","10:00:08",42.65,-0.05,500,486600,"B"
"VCI","10:00:03",42.65,-0.05,1200,486100,"B"
"VCI","09:59:39",42.65,-0.05,15700,484900,"S"
"VCI","09:59:18",42.6,-0.1,7400,469200,"S"
"VCI","09:59:16",42.55,-0.15,200,461800,"B"
"VCI","09:58:45",42.55,-0.15,3300,461600,"B"
"VCI","09:58:25",42.55,-0.15,100,458300,"B"
"VCI","09:57:45",42.55,-0.15,2200,458200,"B"
"VCI","09:57:26",42.55,-0.15,25000,456000,"B"
"VCI","09:57:11",42.55,-0.15,1000,431000,"B"
"VCI","09:57:00",42.55,-0.15,3000,430000,"B"
"VCI","09:56:34",42.55,-0.15,300,427000,"B"
"VCI","09:56:32",42.55,-0.15,10000,426700,"B"
"VCI","09:56:31",42.6,-0.1,2400,416700,"S"
"VCI","09:56:21",42.6,-0.1,100,414300,"S"
"VCI","09:56:09",42.6,-0.1,1000,414200,"S"
"VCI","09:55:40",42.55,-0.15,10000,413200,"B"
"VCI","09:54:50",42.6,-0.1,100,403200,"S"
"VCI","09:54:40",42.55,-0.15,4800,403100,"B"
"VCI","09:54:22",42.55,-0.15,1000,398300,"S"
"VCI","09:54:21",42.55,-0.15,200,397300,"S"
"VCI","09:53:25",42.55,-0.15,3800,397100,"B"
"VCI","09:52:35",42.55,-0.15,2000,393300,"B"
"VCI","09:52:17",42.6,-0.1,300,391300,"S"
"VCI","09:52:12",42.55,-0.15,50000,391000,"B"
"VCI","09:51:37",42.6,-0.1,200,341000,"S"
"VCI","09:51:22",42.6,-0.1,300,340800,"B"
"VCI","09:51:22",42.6,-0.1,3300,340500,"B"
"VCI","09:50:42",42.6,-0.1,1000,337200,"B"
"VCI","09:50:29",42.6,-0.1,2200,336200,"B"
"VCI","09:50:17",42.6,-0.1,9000,334000,"B"
"VCI","09:49:29",42.6,-0.1,1000,325000,"B"
"VCI","09:48:51",42.6,-0.1,200,324000,"B"
"VCI","09:47:49",42.6,-0.1,300,323800,"B"
"VCI","09:46:38",42.55,-0.15,600,323500,"B"
"VCI","09:44:45",42.5,-0.2,58700,322900,"B"
"VCI","09:44:45",42.55,-0.15,17000,264200,"B"
"VCI","09:44:45",42.6,-0.1,23500,247200,"B"
"VCI","09:44:45",42.65,-0.05,800,223700,"B"
"VCI","09:44:37",42.65,-0.05,2200,222900,"S"
"VCI","09:44:29",42.65,-0.05,800,220700,"B"
"VCI","09:43:35",42.65,-0.05,1000,219900,"S"
"VCI","09:43:26",42.65,-0.05,1000,218900,"S"
"VCI","09:43:23",42.65,-0.05,1000,217900,"S"
"VCI","09:43:17",42.65,-0.05,500,216900,"S"
"VCI","09:43:16",42.65,-0.05,10000,216400,"S"
"VCI","09:42:54",42.65,-0.05,1500,206400,"B"
"VCI","09:42:44",42.65,-0.05,1800,204900,"B"
"VCI","09:42:43",42.65,-0.05,500,203100,"B"
"VCI","09:41:48",42.65,-0.05,4600,202600,"B"
"VCI","09:40:53",42.65,-0.05,1000,198000,"B"
"VCI","09:40:06",42.65,-0.05,200,197000,"S"
"VCI","09:40:01",42.65,-0.05,7000,196800,"S"
"VCI","09:39:18",42.65,-0.05,200,189800,"S"
"VCI","09:39:17",42.65,-0.05,500,189600,"S"
"VCI","09:38:42",42.65,-0.05,15300,189100,"B"
"VCI","09:37:54",42.65,-0.05,5000,173800,"B"
"VCI","09:37:28",42.65,-0.05,200,168800,"B"
"VCI","09:37:16",42.7,0,2000,168600,"S"
"VCI","09:36:02",42.7,0,100,166600,"S"
"VCI","09:35:45",42.65,-0.05,1200,166500,"S"
"VCI","09:35:32",42.6,-0.1,3800,165300,"S"
"VCI","09:35:13",42.55,-0.15,100,161500,"B"
"VCI","09:35:00",42.55,-0.15,3300,161400,"S"
"VCI","09:34:55",42.55,-0.15,1400,158100,"S"
"VCI","09:34:36",42.55,-0.15,2000,156700,"S"
"VCI","09:34:15",42.5,-0.2,100,154700,"B"
"VCI","09:34:07",42.5,-0.2,1200,154600,"B"
"VCI","09:33:24",42.5,-0.2,1000,153400,"B"
"VCI","09:33:07",42.5,-0.2,3500,152400,"B"
"VCI","09:33:02",42.55,-0.15,2300,148900,"S"
"VCI","09:32:53",42.5,-0.2,400,146600,"B"
"VCI","09:32:48",42.55,-0.15,2000,146200,"S"
"VCI","09:32:32",42.5,-0.2,9000,144200,"B"
"VCI","09:32:15",42.55,-0.15,1000,135200,"B"
"VCI","09:32:09",42.55,-0.15,2000,134200,"B"
"VCI","09:31:37",42.55,-0.15,2000,132200,"B"
"VCI","09:31:16",42.6,-0.1,1500,130200,"S"
"VCI","09:31:14",42.55,-0.15,400,128700,"B"
"VCI","09:30:53",42.65,-0.05,100,128300,"S"
"VCI","09:30:52",42.55,-0.15,1000,128200,"B"
"VCI","09:30:46",42.55,-0.15,100,127200,"B"
"VCI","09:30:00",42.65,-0.05,900,127100,"S"
"VCI","09:29:23",42.55,-0.15,2000,126200,"B"
"VCI","09:28:49",42.55,-0.15,2000,124200,"B"
"VCI","09:28:11",42.5,-0.2,2000,122200,"B"
"VCI","09:28:00",42.5,-0.2,2300,120200,"B"
"VCI","09:27:46",42.5,-0.2,2000,117900,"B"
"VCI","09:27:22",42.5,-0.2,500,115900,"B"
"VCI","09:27:17",42.5,-0.2,400,115400,"B"
"VCI","09:26:30",42.5,-0.2,2000,115000,"B"
"VCI","09:26:26",42.5,-0.2,300,113000,"B"
"VCI","09:26:21",42.5,-0.2,5000,112700,"B"
"VCI","09:26:18",42.5,-0.2,19000,107700,"B"
"VCI","09:26:18",42.55,-0.15,1000,88700,"B"
"VCI","09:26:01",42.5,-0.2,500,87700,"B"
"VCI","09:25:21",42.5,-0.2,5800,87200,"B"
"VCI","09:25:21",42.55,-0.15,4200,81400,"B"
"VCI","09:24:59",42.55,-0.15,1000,77200,"B"
"VCI","09:24:48",42.55,-0.15,2000,76200,"B"
"VCI","09:24:42",42.55,-0.15,500,74200,"B"
"VCI","09:24:40",42.7,0,1000,73700,"S"
"VCI","09:23:36",42.5,-0.2,900,72700,"B"
"VCI","09:22:58",42.5,-0.2,20000,71800,"B"
"VCI","09:22:30",42.5,-0.2,14600,51800,"B"
"VCI","09:22:30",42.55,-0.15,5400,37200,"B"
"VCI","09:22:07",42.7,0,4800,31800,"S"
"VCI","09:21:59",42.55,-0.15,3500,26800,"B"
"VCI","09:21:59",42.6,-0.1,6500,23300,"B"
"VCI","09:21:47",42.65,-0.05,800,16800,"B"
"VCI","09:21:28",42.65,-0.05,1000,16000,"B"
"VCI","09:21:12",42.65,-0.05,100,15000,"B"
"VCI","09:21:01",42.65,-0.05,200,14900,"B"
"VCI","09:20:48",42.65,-0.05,100,14700,"B"
"VCI","09:20:13",42.7,0,700,14600,"B"
"VCI","09:20:03",42.7,0,4300,13900,"S"
"VCI","09:19:32",42.7,0,1000,9600,"B"
"VCI","09:18:55",42.7,0,700,8600,"S"
"VCI","09:18:46",42.7,0,2000,7900,"S"
"VCI","09:18:16",42.7,0,1000,5900,"S"
"VCI","09:18:03",42.7,0,1000,4900,"S"
"VCI","09:16:49",42.65,-0.05,300,3900,"B"
"VCI","09:15:35",42.65,-0.05,1000,3600,"S"
"VCI","09:15:01",42.65,-0.05,2600,2600,
