"price","change","match_qtty","side","time","total_vol"
16500,100,15000,"sd","09:15:01",15000
16550,150,400,"bu","09:15:23",15400
16550,150,100,"bu","09:15:36",15500
16550,150,4300,"bu","09:15:46",19800
16600,200,2600,"bu","09:16:19",22400
16600,200,500,"bu","09:16:32",22900
16600,200,500,"sd","09:16:35",23400
16600,200,500,"sd","09:16:36",23900
16600,200,1000,"bu","09:16:46",24900
16600,200,10500,"sd","09:16:54",35400
16600,200,100,"sd","09:16:57",35500
16600,200,2300,"sd","09:17:00",37800
16600,200,1400,"bu","09:17:15",39800
16600,200,900,"bu","09:17:20",40700
16650,250,5000,"bu","09:17:22",45700
16650,250,200,"bu","09:17:32",45900
16650,250,1200,"sd","09:17:59",47100
16650,250,13700,"bu","09:18:16",60800
16650,250,2200,"sd","09:18:45",63000
16650,250,300,"sd","09:18:48",63300
16700,300,5000,"sd","09:18:52",68300
16650,250,1000,"bu","09:18:56",69300
16650,250,200,"sd","09:19:12",69500
16650,250,100,"sd","09:19:17",69600
16650,250,300,"bu","09:19:41",69900
16650,250,200,"sd","09:19:44",70100
16700,300,100,"bu","09:19:45",70200
16700,300,400,"bu","09:20:02",70600
16650,250,200,"sd","09:20:07",70800
16700,300,200,"sd","09:20:15",71000
16650,250,2200,"sd","09:20:29",73200
16700,300,6000,"sd","09:20:35",79200
16650,250,200,"sd","09:20:44",79400
16700,300,300,"bu","09:20:52",79700
16650,250,2000,"bu","09:20:54",81700
16700,300,300,"sd","09:20:58",82000
16650,250,200,"sd","09:21:07",82200
16650,250,2100,"sd","09:21:08",84300
16650,250,200,"sd","09:21:10",84500
16700,300,1000,"sd","09:21:13",85500
16700,300,1700,"sd","09:21:30",87200
16700,300,1000,"sd","09:21:41",88200
16650,250,15000,"bu","09:21:42",103200
16650,250,5000,"sd","09:21:45",108200
16650,250,4500,"bu","09:21:46",112700
16650,250,3000,"sd","09:22:16",115700
16650,250,1000,"bu","09:22:42",116700
16650,250,9900,"sd","09:22:48",126600
16650,250,1200,"sd","09:23:27",127800
16650,250,4600,"sd","09:23:34",132400
16600,200,13000,"sd","09:23:56",145400
16600,200,1000,"bu","09:24:04",146400
16600,200,2900,"bu","09:24:10",149300
16600,200,2600,"bu","09:24:50",151900
16600,200,800,"sd","09:25:01",152700
16600,200,1000,"sd","09:25:09",153700
16600,200,100,"bu","09:25:14",153800
16600,200,300,"sd","09:25:17",154100
16600,200,6300,"sd","09:25:24",160400
16600,200,400,"sd","09:25:32",160800
16600,200,500,"sd","09:25:34",161300
16600,200,1000,"bu","09:25:50",162300
16600,200,500,"sd","09:25:58",162800
16600,200,1000,"sd","09:26:03",163800
16600,200,2000,"sd","09:26:08",165800
16600,200,1000,"bu","09:26:09",166800
16650,250,100,"sd","09:26:21",166900
16650,250,200,"bu","09:26:31",167100
16600,200,500,"bu","09:26:35",167600
16650,250,5000,"bu","09:26:38",172600
16600,200,300,"sd","09:27:33",172900
16600,200,400,"sd","09:28:07",173300
16550,150,500,"bu","09:28:11",173800
16600,200,300,"sd","09:29:21",174100
16600,200,500,"bu","09:29:42",174600
16600,200,600,"bu","09:29:50",175200
16600,200,900,"bu","09:30:31",176100
16600,200,1000,"bu","09:31:08",177100
16600,200,200,"sd","09:31:19",177300
16600,200,100,"sd","09:31:46",177400
16600,200,600,"bu","09:31:59",178000
16600,200,100,"bu","09:32:50",178100
16600,200,200,"bu","09:33:04",178300
16600,200,7000,"sd","09:33:17",185300
16600,200,300,"sd","09:33:26",185600
16550,150,1400,"bu","09:33:49",187000
16550,150,100,"sd","09:34:09",187100
16550,150,1100,"sd","09:35:37",188200
16600,200,2000,"sd","09:35:53",190200
16600,200,100,"sd","09:36:41",190300
16600,200,8000,"sd","09:37:26",198300
16550,150,1100,"sd","09:38:01",199400
16550,150,1000,"sd","09:38:25",200400
16600,200,500,"bu","09:38:34",200900
16550,150,5000,"sd","09:38:35",205900
16550,150,1400,"sd","09:38:41",207300
16550,150,3000,"bu","09:38:46",210300
16550,150,300,"sd","09:39:16",210600
16600,200,100,"bu","09:40:06",210700
16550,150,1100,"sd","09:40:15",211800
16550,150,1000,"bu","09:41:01",212800
16550,150,100,"bu","09:41:14",212900
16550,150,2000,"sd","09:41:35",214900
16600,200,500,"sd","09:41:45",215400
16600,200,3000,"bu","09:42:24",218400
16600,200,600,"sd","09:43:14",219000
16600,200,100,"sd","09:43:26",219100
16600,200,2800,"sd","09:43:30",221900
16600,200,16000,"sd","09:44:02",237900
16600,200,10000,"sd","09:44:24",247900
16600,200,2000,"sd","09:44:25",249900
16600,200,400,"sd","09:44:35",250300
16600,200,1400,"bu","09:44:41",251700
16600,200,200,"sd","09:44:48",251900
16600,200,1000,"bu","09:44:48",252900
16600,200,3000,"bu","09:44:59",255900
16600,200,1000,"bu","09:45:06",256900
16600,200,5000,"bu","09:45:16",261900
16600,200,1000,"sd","09:45:46",262900
16600,200,500,"bu","09:45:49",263400
16600,200,6500,"bu","09:46:44",269900
16600,200,200,"bu","09:47:07",270100
16600,200,300,"bu","09:47:09",270400
16600,200,1000,"bu","09:47:25",271400
16600,200,5600,"sd","09:47:30",277000
16600,200,3000,"bu","09:47:35",280000
16600,200,2000,"bu","09:47:37",282000
16600,200,30000,"bu","09:47:39",312000
16600,200,5000,"sd","09:47:40",317000
16600,200,1000,"bu","09:47:41",318000
16600,200,3200,"sd","09:47:42",321200
16600,200,8000,"sd","09:47:45",329200
16600,200,1000,"bu","09:47:46",330200
16600,200,9300,"sd","09:47:48",339500
16600,200,1000,"sd","09:47:52",340500
16650,250,16300,"bu","09:48:02",356800
16600,200,500,"bu","09:48:15",357300
16650,250,9200,"bu","09:48:22",366500
16650,250,1000,"sd","09:48:27",367500
16650,250,9000,"bu","09:48:33",376500
16650,250,25100,"bu","09:48:36",401600
16650,250,1100,"bu","09:48:45",403600
16700,300,5000,"bu","09:48:50",408600
16700,300,300,"sd","09:49:02",408900
16700,300,3000,"sd","09:49:05",411900
16700,300,30100,"sd","09:49:08",442000
16650,250,41600,"sd","09:49:11",483600
16700,300,900,"sd","09:49:11",484500
16700,300,3000,"sd","09:49:12",487500
16700,300,20000,"sd","09:49:12",507500
16700,300,800,"bu","09:49:14",508300
16700,300,4200,"bu","09:49:15",512500
16700,300,1000,"sd","09:49:16",516400
16750,350,4000,"sd","09:49:20",520400
16750,350,4900,"bu","09:49:27",525400
16750,350,31000,"sd","09:49:31",556400
16750,350,500,"bu","09:49:32",561900
16750,350,100,"sd","09:49:32",562000
16800,400,3000,"sd","09:49:33",565000
16800,400,5000,"bu","09:49:35",570000
16800,400,2000,"bu","09:49:40",572000
16800,400,100,"bu","09:49:41",572100
16800,400,20600,"bu","09:49:42",592700
16800,400,27700,"sd","09:49:43",620400
16800,400,100,"bu","09:49:45",623500
16800,400,2400,"bu","09:49:46",629200
16850,450,1000,"sd","09:49:47",630200
16800,400,1200,"sd","09:49:50",631400
16850,450,11500,"bu","09:49:52",642900
16850,450,5300,"sd","09:49:53",648200
16850,450,3000,"sd","09:49:55",651200
16850,450,5000,"sd","09:49:57",656200
16850,450,700,"bu","09:49:58",656900
16850,450,5000,"sd","09:50:00",661900
16850,450,1000,"sd","09:50:01",662900
16850,450,2000,"sd","09:50:02",664900
16850,450,7400,"sd","09:50:03",672300
16850,450,500,"sd","09:50:08",672800
16900,500,3500,"sd","09:50:12",676300
16900,500,1000,"bu","09:50:13",677300
16900,500,500,"bu","09:50:14",677800
16900,500,20000,"sd","09:50:15",697800
16950,550,18600,"sd","09:50:16",716400
16900,500,500,"sd","09:50:19",716900
16950,550,2000,"sd","09:50:25",718900
16950,550,13400,"sd","09:50:26",732300
16950,550,500,"sd","09:50:28",732800
16950,550,200,"sd","09:50:29",733000
17000,600,4300,"sd","09:50:32",737300
16950,550,1500,"bu","09:50:33",738800
17000,600,2000,"bu","09:50:35",740800
16950,550,200,"sd","09:50:37",741000
17000,600,1000,"sd","09:50:39",742000
17000,600,2300,"sd","09:50:44",744300
17000,600,5000,"bu","09:50:46",749300
17000,600,2300,"bu","09:50:48",751600
17000,600,13200,"sd","09:50:50",764800
17000,600,100,"sd","09:50:51",773400
17000,600,2000,"bu","09:50:52",775400
17000,600,3000,"bu","09:50:53",778400
17000,600,1100,"sd","09:50:56",779500
17000,600,17500,"sd","09:50:58",797000
17000,600,2000,"sd","09:50:59",799000
17000,600,600,"sd","09:51:00",799600
17000,600,8600,"bu","09:51:00",808200
17000,600,700,"sd","09:51:03",808900
17000,600,2500,"bu","09:51:06",811400
17000,600,900,"sd","09:51:09",812400
17000,600,6000,"sd","09:51:11",818400
17000,600,1000,"bu","09:51:14",819400
17000,600,7000,"sd","09:51:15",826400
17000,600,2200,"bu","09:51:16",828600
17000,600,1400,"sd","09:51:16",830000
17000,600,4600,"bu","09:51:17",834600
17000,600,10400,"sd","09:51:18",845000
17000,600,2200,"bu","09:51:18",847200
17000,600,13000,"bu","09:51:19",860200
17000,600,5000,"sd","09:51:19",865200
17000,600,2100,"bu","09:51:20",867300
17000,600,16000,"sd","09:51:22",883300
17000,600,1500,"bu","09:51:23",892000
17000,600,4800,"bu","09:51:24",896800
17050,650,4800,"bu","09:51:33",901600
17050,650,3700,"sd","09:51:38",905300
17100,700,100,"bu","09:51:40",907100
17100,700,1000,"sd","09:51:42",908100
17050,650,100,"sd","09:51:43",908200
17100,700,7000,"sd","09:51:46",915200
17100,700,100,"bu","09:51:48",916200
17100,700,5000,"bu","09:51:54",921200
17050,650,10000,"sd","09:51:56",931200
17100,700,300,"sd","09:51:58",931500
17100,700,1000,"bu","09:51:59",932500
17100,700,1000,"sd","09:52:01",933500
17100,700,3100,"sd","09:52:05",936600
17100,700,1000,"bu","09:52:09",937600
17100,700,46000,"sd","09:52:28",983600
17100,700,4200,"sd","09:52:29",987800
17100,700,8300,"sd","09:52:37",1007800
17100,700,2500,"sd","09:52:43",1010300
17100,700,2300,"sd","09:52:43",1012600
17100,700,4300,"sd","09:52:45",1016900
17100,700,1000,"bu","09:52:47",1017900
17100,700,2000,"bu","09:52:49",1019900
17100,700,200,"sd","09:52:50",1020100
17100,700,3500,"sd","09:52:52",1023600
17100,700,3400,"bu","09:52:54",1027000
17100,700,100,"sd","09:52:57",1027100
17100,700,5000,"bu","09:53:07",1032100
17050,650,1000,"sd","09:53:16",1033100
17100,700,5000,"bu","09:53:20",1038100
17050,650,4900,"sd","09:53:42",1043000
17050,650,1000,"bu","09:53:43",1044000
17100,700,15000,"bu","09:53:44",1059000
17100,700,2200,"sd","09:53:48",1061200
17050,650,5000,"bu","09:53:58",1066200
17050,650,300,"bu","09:54:02",1066500
17050,650,1000,"bu","09:54:03",1067500
17000,600,100,"bu","09:54:11",1067600
17000,600,1000,"bu","09:54:18",1068600
17000,600,200,"sd","09:54:21",1068800
17000,600,700,"sd","09:54:35",1069500
17000,600,1000,"bu","09:54:37",1070500
17000,600,1400,"bu","09:54:41",1071900
17050,650,1000,"bu","09:54:43",1072900
17000,600,6000,"sd","09:54:52",1078900
17050,650,1000,"sd","09:54:53",1079900
17000,600,900,"bu","09:54:55",1080800
17000,600,1000,"bu","09:54:58",1081800
17050,650,2400,"bu","09:54:59",1084200
17050,650,3100,"bu","09:55:01",1087300
17000,600,500,"bu","09:55:03",1087800
17050,650,1800,"sd","09:55:06",1089600
17050,650,10900,"bu","09:55:07",1100500
17050,650,300,"bu","09:55:08",1100800
17050,650,1000,"sd","09:55:12",1101800
17000,600,11000,"bu","09:55:13",1112800
17050,650,1600,"sd","09:55:21",1114400
17050,650,100,"bu","09:55:35",1114500
17050,650,20000,"bu","09:55:36",1134500
17050,650,100,"sd","09:55:39",1134600
17000,600,500,"sd","09:55:45",1135100
17000,600,100,"sd","09:55:52",1135200
17000,600,200,"sd","09:56:07",1135400
17050,650,9000,"bu","09:56:21",1144400
17000,600,500,"bu","09:56:26",1144900
17000,600,1600,"bu","09:56:36",1146500
17050,650,2900,"bu","09:56:37",1149400
17000,600,11000,"sd","09:56:41",1160400
17050,650,3000,"bu","09:57:11",1163400
17050,650,300,"bu","09:57:21",1163700
17050,650,1300,"sd","09:57:31",1165000
17050,650,1100,"sd","09:57:43",1166100
17050,650,1000,"sd","09:57:48",1167100
17050,650,5000,"sd","09:57:52",1172100
17050,650,7000,"sd","09:57:54",1179100
17050,650,1500,"sd","09:57:56",1180600
17050,650,22900,"bu","09:57:57",1203500
17050,650,5000,"sd","09:58:03",1208500
17050,650,800,"sd","09:58:06",1209300
17050,650,7000,"bu","09:58:15",1216300
17050,650,100,"sd","09:58:17",1216400
17050,650,400,"sd","09:58:23",1216800
17050,650,1000,"sd","09:58:26",1217800
17100,700,400,"sd","09:58:27",1218200
17050,650,200,"bu","09:58:43",1218400
17050,650,200,"bu","09:58:56",1218600
17050,650,1600,"sd","09:59:18",1220200
17050,650,400,"sd","09:59:37",1220600
17050,650,100,"sd","09:59:42",1220700
17050,650,4000,"bu","09:59:50",1224700
17050,650,1600,"bu","09:59:51",1226300
17050,650,11000,"sd","09:59:54",1237300
17050,650,500,"sd","10:00:00",1237800
17100,700,500,"sd","10:00:13",1238300
17050,650,4000,"bu","10:00:39",1242300
17050,650,6000,"sd","10:00:45",1248300
17100,700,10000,"sd","10:00:46",1258300
17050,650,2000,"bu","10:00:48",1260300
17050,650,300,"sd","10:00:53",1260600
17100,700,100,"sd","10:00:58",1260700
17050,650,500,"bu","10:01:01",1261200
17100,700,1500,"bu","10:01:04",1262700
17100,700,10000,"sd","10:01:07",1272700
17100,700,100,"bu","10:01:12",1272800
17050,650,7400,"bu","10:01:14",1280200
17050,650,100,"bu","10:01:28",1280300
17050,650,1000,"sd","10:01:34",1281300
17050,650,2500,"bu","10:01:41",1283800
17050,650,1500,"sd","10:01:42",1285300
17050,650,300,"bu","10:01:45",1285600
17050,650,100,"bu","10:01:47",1285700
17000,600,300,"sd","10:01:50",1286000
17050,650,100,"sd","10:01:53",1286100
17050,650,600,"sd","10:02:27",1286700
17050,650,1000,"sd","10:02:31",1287700
17050,650,500,"bu","10:02:43",1288200
17050,650,3900,"sd","10:02:46",1292100
17050,650,2100,"sd","10:02:57",1294200
17100,700,1500,"sd","10:03:04",1295700
17050,650,200,"sd","10:03:14",1295900
17050,650,300,"bu","10:03:29",1296200
17100,700,300,"sd","10:03:30",1296500
17050,650,5000,"bu","10:03:31",1301500
17050,650,500,"bu","10:03:55",1302000
17100,700,1500,"sd","10:03:58",1303500
17050,650,400,"bu","10:04:01",1303900
17050,650,1000,"bu","10:04:33",1304900
17050,650,1500,"sd","10:04:46",1306400
17050,650,900,"bu","10:04:47",1307300
17050,650,1000,"bu","10:04:53",1308300
17050,650,3000,"sd","10:04:57",1311300
17050,650,1000,"bu","10:05:01",1312300
17050,650,1100,"sd","10:05:12",1313400
17050,650,500,"sd","10:05:17",1313900
17050,650,100,"sd","10:05:21",1314000
17050,650,200,"bu","10:05:22",1314200
17050,650,20000,"bu","10:05:24",1334200
17050,650,1500,"bu","10:05:25",1335700
17050,650,200,"bu","10:05:28",1335900
17050,650,1000,"sd","10:05:31",1336900
17050,650,600,"sd","10:05:32",1337500
17050,650,4800,"bu","10:05:34",1342300
17050,650,500,"bu","10:05:37",1342800
17050,650,300,"bu","10:05:45",1343100
17050,650,100,"sd","10:05:53",1343200
17050,650,1000,"bu","10:05:57",1344200
17050,650,3000,"sd","10:06:06",1347200
17050,650,100,"sd","10:06:10",1347300
17050,650,700,"sd","10:06:11",1348000
17050,650,1500,"bu","10:06:18",1349500
17050,650,300,"bu","10:06:30",1349800
17000,600,100,"sd","10:06:37",1349900
17000,600,4600,"sd","10:07:15",1354500
17000,600,500,"sd","10:07:26",1355000
17000,600,2500,"bu","10:07:38",1357500
17000,600,2000,"bu","10:07:41",1359500
17000,600,2100,"sd","10:07:45",1361600
17000,600,300,"bu","10:07:49",1361900
17000,600,500,"sd","10:08:00",1362400
17000,600,3000,"bu","10:08:07",1365400
17000,600,100,"sd","10:08:09",1365500
17000,600,1000,"sd","10:08:22",1366500
17000,600,2500,"bu","10:08:53",1369000
17000,600,5000,"sd","10:08:58",1374000
17000,600,100,"bu","10:09:01",1374100
17000,600,1000,"bu","10:09:03",1375100
17000,600,500,"bu","10:09:09",1375600
17000,600,22100,"sd","10:09:13",1397700
17000,600,5000,"sd","10:09:14",1402700
17000,600,400,"sd","10:09:17",1403100
17000,600,5000,"sd","10:09:20",1408100
17000,600,1100,"sd","10:09:24",1409200
17000,600,200,"sd","10:10:02",1409400
17000,600,100,"sd","10:10:11",1409500
17000,600,1000,"bu","10:10:16",1410500
17000,600,11000,"bu","10:10:50",1421500
17000,600,1800,"bu","10:10:52",1423300
17000,600,4600,"sd","10:11:33",1427900
17000,600,300,"bu","10:12:35",1428200
17000,600,5000,"sd","10:12:49",1433200
17000,600,100,"sd","10:12:50",1433300
16950,550,300,"sd","10:13:21",1433600
16950,550,2700,"bu","10:14:02",1436300
16950,550,500,"sd","10:14:17",1436800
16950,550,5700,"bu","10:15:08",1442500
16950,550,10000,"bu","10:15:21",1452500
16950,550,2000,"bu","10:15:23",1454500
16950,550,3000,"sd","10:15:34",1457500
16950,550,2400,"sd","10:15:37",1459900
16950,550,1000,"sd","10:15:50",1460900
16950,550,2000,"bu","10:16:05",1462900
16950,550,1000,"bu","10:16:35",1463900
16950,550,2300,"sd","10:16:36",1466200
16950,550,7400,"sd","10:17:16",1473600
16950,550,1000,"sd","10:17:26",1474600
17000,600,67300,"sd","10:17:47",1541900
17000,600,500,"bu","10:18:51",1542400
17000,600,5000,"sd","10:18:56",1547400
17000,600,1000,"sd","10:18:57",1548400
17000,600,300,"sd","10:19:36",1548700
17000,600,1500,"bu","10:19:38",1550200
17000,600,500,"sd","10:20:00",1550700
17000,600,1000,"sd","10:20:02",1551700
17000,600,200,"bu","10:20:17",1551900
17000,600,100,"sd","10:20:21",1552000
17000,600,5000,"bu","10:20:58",1557000
17000,600,100,"bu","10:21:01",1557100
17000,600,4500,"bu","10:21:14",1561600
17000,600,500,"bu","10:21:23",1562100
17000,600,400,"sd","10:21:30",1562500
17000,600,100,"bu","10:21:34",1562600
17000,600,3000,"sd","10:22:09",1565600
17000,600,2000,"bu","10:22:54",1567600
17000,600,700,"sd","10:22:58",1568300
17000,600,100,"sd","10:23:00",1568400
17000,600,3300,"bu","10:23:07",1571700
17000,600,1000,"sd","10:23:27",1572700
17000,600,3500,"sd","10:24:20",1576200
17000,600,100,"sd","10:24:28",1576300
17000,600,31900,"sd","10:24:32",1608200
17000,600,5800,"sd","10:24:33",1614000
17000,600,200,"bu","10:25:12",1614200
17000,600,100,"bu","10:25:20",1614300
17000,600,2000,"bu","10:25:30",1616300
17000,600,300,"bu","10:25:54",1616600
17000,600,8000,"bu","10:26:25",1624600
17000,600,400,"bu","10:26:29",1625000
17000,600,2000,"sd","10:26:47",1627000
16950,550,500,"bu","10:27:05",1627500
17000,600,3500,"sd","10:27:40",1631000
17000,600,5000,"bu","10:28:14",1636000
16950,550,1000,"bu","10:28:16",1637000
16950,550,100,"sd","10:28:41",1637100
16950,550,200,"sd","10:29:51",1637300
16950,550,3000,"bu","10:30:33",1640300
16950,550,2000,"bu","10:30:44",1642300
16950,550,300,"bu","10:30:48",1642600
17000,600,100,"bu","10:30:53",1642700
16950,550,5100,"sd","10:31:26",1647800
16950,550,3000,"bu","10:32:17",1650800
16950,550,800,"sd","10:32:26",1651600
16950,550,2000,"sd","10:33:50",1653600
16950,550,2000,"bu","10:34:26",1655600
16950,550,2000,"bu","10:34:33",1657600
16950,550,1200,"bu","10:35:23",1658800
16950,550,10000,"sd","10:35:25",1668800
16950,550,500,"sd","10:35:55",1669300
16950,550,5000,"sd","10:35:58",1674300
16950,550,2300,"bu","10:36:01",1676600
16950,550,2000,"sd","10:36:10",1678600
16950,550,5200,"sd","10:36:14",1683800
16950,550,1000,"sd","10:36:23",1684800
16950,550,500,"sd","10:36:34",1685300
16950,550,1000,"sd","10:36:55",1686300
16950,550,100,"bu","10:37:00",1686400
16950,550,500,"sd","10:37:01",1686900
16950,550,5600,"sd","10:38:05",1692500
16950,550,5800,"sd","10:38:14",1698300
16950,550,500,"bu","10:39:31",1698800
17000,600,19700,"sd","10:39:40",1718500
16950,550,200,"sd","10:39:43",1718700
16950,550,300,"bu","10:40:04",1719000
16950,550,100,"sd","10:40:16",1719100
16950,550,5000,"sd","10:40:22",1724100
16950,550,100,"bu","10:40:42",1724200
16950,550,1100,"bu","10:40:55",1725300
16950,550,200,"sd","10:41:21",1725500
16950,550,1000,"sd","10:41:28",1726500
16950,550,200,"sd","10:41:42",1726700
16950,550,100,"sd","10:42:07",1726800
16950,550,500,"bu","10:42:14",1727300
16950,550,100,"sd","10:42:16",1727400
16950,550,400,"bu","10:42:55",1727800
17000,600,2000,"bu","10:43:40",1729800
17000,600,3600,"bu","10:44:20",1733400
16950,550,100,"sd","10:45:12",1733500
16950,550,32500,"sd","10:45:55",1766000
16950,550,1000,"sd","10:46:01",1767000
16950,550,1000,"bu","10:46:12",1768000
16950,550,3000,"bu","10:46:21",1771000
16950,550,1500,"bu","10:48:19",1772500
16950,550,3800,"bu","10:48:20",1776300
16950,550,100,"bu","10:48:22",1776400
16950,550,300,"sd","10:48:26",1776700
16950,550,1900,"bu","10:48:49",1778600
16950,550,100,"sd","10:49:03",1778700
16950,550,600,"bu","10:50:01",1779300
16950,550,200,"sd","10:50:05",1779500
16950,550,500,"sd","10:50:06",1780000
16950,550,9700,"sd","10:50:13",1789700
16950,550,8100,"sd","10:50:30",1797800
16950,550,6800,"sd","10:50:33",1804600
16950,550,1600,"sd","10:50:37",1806200
16950,550,500,"sd","10:50:41",1806700
16950,550,100,"bu","10:51:04",1806800
16950,550,700,"sd","10:51:21",1807500
16950,550,100,"bu","10:51:27",1807600
16900,500,500,"sd","10:53:20",1808100
16900,500,500,"bu","10:53:27",1808600
16900,500,500,"sd","10:53:47",1809100
16900,500,700,"bu","10:53:51",1809800
16900,500,5000,"bu","10:54:02",1814800
16950,550,1000,"bu","10:54:07",1815800
16900,500,2900,"sd","10:54:35",1818700
16900,500,2500,"bu","10:55:14",1821200
16900,500,200,"bu","10:55:38",1821400
16900,500,6800,"sd","10:56:44",1828200
16900,500,1000,"sd","10:56:45",1829200
16900,500,200,"bu","10:56:53",1829400
16900,500,14000,"bu","10:57:19",1843400
16900,500,2000,"sd","10:58:04",1845400
16900,500,500,"sd","10:58:27",1845900
16950,550,500,"bu","10:58:29",1846400
16900,500,19100,"bu","10:58:59",1865500
16900,500,500,"sd","10:59:44",1866000
16850,450,400,"sd","11:00:38",1866400
16900,500,1800,"bu","11:02:59",1868200
16900,500,1200,"sd","11:03:36",1869400
16900,500,700,"bu","11:04:37",1870100
16950,550,300,"bu","11:04:38",1870400
16900,500,100,"bu","11:05:53",1870500
16900,500,1700,"sd","11:07:13",1872200
16900,500,1000,"bu","11:07:30",1873200
16900,500,1200,"sd","11:09:44",1874400
16900,500,50000,"sd","11:10:33",1924400
16900,500,300,"sd","11:10:37",1924700
16900,500,2000,"bu","11:11:42",1926700
16900,500,7700,"sd","11:11:52",1934400
16900,500,1500,"bu","11:12:17",1935900
16900,500,200,"sd","11:12:21",1936100
16900,500,1300,"sd","11:13:02",1937400
16850,450,300,"bu","11:14:49",1937700
16900,500,3000,"bu","11:15:31",1940700
16900,500,3800,"bu","11:17:05",1944500
16900,500,500,"sd","11:19:09",1945000
16900,500,200,"bu","11:19:32",1945200
16900,500,5000,"bu","11:19:55",1950200
16900,500,100,"sd","11:20:28",1950300
16900,500,3500,"bu","11:20:47",1953800
16900,500,800,"bu","11:21:29",1954600
16900,500,5000,"sd","11:21:47",1959600
16900,500,500,"sd","11:22:08",1960100
16900,500,100,"sd","11:22:26",1960200
16900,500,500,"sd","11:22:35",1960700
16900,500,100,"bu","11:24:03",1960800
16900,500,6000,"bu","11:25:19",1966800
16900,500,300,"sd","11:26:13",1967100
16850,450,1500,"sd","11:28:02",1968600
16850,450,13000,"sd","11:28:27",1981600
16850,450,200,"sd","11:28:39",1981800
16850,450,700,"bu","11:29:53",1982500
16900,500,600,"sd","13:00:14",1983100
16850,450,6000,"sd","13:00:14",1989100
16850,450,5000,"bu","13:00:15",1994100
16850,450,11500,"sd","13:00:22",2005600
16850,450,2400,"bu","13:00:32",2008000
16850,450,800,"bu","13:00:34",2008800
16900,500,100,"bu","13:00:36",2008900
16850,450,3500,"bu","13:00:49",2012400
16850,450,900,"sd","13:00:51",2013300
16850,450,2500,"bu","13:00:57",2015800
16850,450,1000,"sd","13:01:02",2016800
16850,450,500,"sd","13:01:12",2017300
16850,450,2000,"bu","13:01:18",2019300
16850,450,100,"sd","13:01:21",2019400
16850,450,5000,"sd","13:01:29",2024400
16850,450,2100,"sd","13:01:31",2026500
16850,450,100,"bu","13:01:37",2026600
16800,400,600,"sd","13:01:54",2027200
16850,450,2000,"bu","13:02:30",2029200
16850,450,100,"sd","13:02:47",2029300
16850,450,1100,"sd","13:02:51",2030400
16850,450,4700,"sd","13:02:54",2035100
16900,500,400,"bu","13:03:03",2035500
16900,500,100,"sd","13:03:29",2035600
16900,500,3000,"bu","13:03:57",2038600
16900,500,300,"sd","13:04:34",2038900
16900,500,25700,"bu","13:04:37",2064600
16900,500,700,"bu","13:05:14",2065300
16900,500,900,"bu","13:05:25",2066200
16900,500,200,"bu","13:05:36",2066400
16900,500,2500,"bu","13:05:51",2068900
16900,500,8000,"bu","13:06:10",2076900
16900,500,400,"bu","13:06:28",2077300
16900,500,500,"bu","13:06:30",2077800
16900,500,3500,"bu","13:06:51",2081300
16900,500,600,"sd","13:06:59",2081900
16900,500,2500,"sd","13:07:41",2084400
16900,500,10000,"sd","13:08:03",2094400
16900,500,100,"bu","13:08:10",2094500
16900,500,1000,"sd","13:08:13",2095500
16900,500,800,"bu","13:08:30",2096300
16900,500,10000,"sd","13:09:25",2106300
16900,500,200,"sd","13:09:29",2106500
16900,500,3000,"sd","13:09:48",2109500
16900,500,100,"bu","13:09:50",2109600
16900,500,1000,"bu","13:09:52",2110600
16900,500,1100,"sd","13:10:16",2111700
16900,500,500,"sd","13:10:19",2112200
16900,500,700,"bu","13:10:25",2112900
16900,500,100,"bu","13:10:26",2113000
16900,500,2000,"sd","13:10:28",2115000
16900,500,3000,"sd","13:10:44",2118000
16900,500,100,"sd","13:11:14",2118100
16900,500,2100,"bu","13:11:47",2120200
16900,500,100,"bu","13:12:05",2120300
16900,500,5000,"bu","13:12:19",2125300
16900,500,100,"sd","13:12:24",2125400
16900,500,400,"sd","13:12:49",2125800
16900,500,1400,"bu","13:13:11",2127200
16900,500,200,"bu","13:13:24",2127400
16900,500,600,"bu","13:13:26",2128000
16900,500,3800,"sd","13:13:29",2131800
16900,500,5000,"bu","13:13:45",2136800
16900,500,700,"sd","13:13:59",2137500
16900,500,200,"sd","13:14:04",2137700
16900,500,6000,"sd","13:14:07",2143700
16900,500,200,"sd","13:14:31",2143900
16900,500,10000,"bu","13:14:52",2153900
16900,500,1000,"bu","13:15:00",2154900
16900,500,200,"sd","13:15:13",2155100
16950,550,100,"bu","13:15:30",2155200
16900,500,2000,"sd","13:16:13",2157200
16900,500,400,"sd","13:16:35",2157600
16850,450,800,"bu","13:16:40",2158400
16900,500,500,"bu","13:18:25",2158900
16900,500,1000,"bu","13:19:06",2159900
16900,500,5000,"bu","13:19:24",2164900
16850,450,6000,"sd","13:19:42",2170900
16850,450,17100,"bu","13:20:41",2188000
16850,450,500,"sd","13:20:49",2188500
16850,450,5000,"bu","13:20:56",2193500
16850,450,6000,"bu","13:21:08",2199500
16850,450,5000,"bu","13:21:17",2204500
16900,500,100,"sd","13:21:42",2204600
16850,450,200,"bu","13:21:53",2204800
16900,500,2000,"bu","13:22:45",2206800
16850,450,5000,"bu","13:23:41",2211800
16850,450,300,"bu","13:24:22",2212100
16850,450,100,"sd","13:24:53",2212200
16850,450,200,"bu","13:25:36",2212400
16850,450,2000,"bu","13:26:18",2214400
16850,450,300,"sd","13:26:39",2214700
16850,450,200,"sd","13:27:12",2214900
16850,450,1400,"sd","13:27:50",2216300
16850,450,200,"sd","13:27:59",2216500
16850,450,1000,"sd","13:28:13",2217500
16850,450,5000,"sd","13:28:29",2222500
16850,450,3000,"sd","13:28:52",2225500
16850,450,100,"sd","13:28:55",2225600
16850,450,800,"sd","13:29:05",2226400
16850,450,2000,"sd","13:29:35",2228400
16850,450,100,"sd","13:30:07",2228500
16850,450,1500,"bu","13:30:31",2230000
16850,450,1000,"bu","13:30:33",2231000
16850,450,500,"bu","13:30:57",2231500
16850,450,100,"sd","13:31:52",2231600
16850,450,10000,"bu","13:32:41",2241600
16850,450,10200,"bu","13:33:18",2251800
16850,450,500,"sd","13:33:20",2252300
16850,450,100,"bu","13:33:22",2252400
16850,450,20600,"sd","13:33:31",2273000
16850,450,20000,"bu","13:33:36",2293000
16850,450,100,"bu","13:33:49",2293100
16850,450,14000,"bu","13:34:04",2307100
16850,450,100,"sd","13:34:06",2307200
16850,450,6000,"bu","13:34:14",2313200
16850,450,1200,"sd","13:34:16",2314400
16850,450,20000,"sd","13:34:26",2334400
16850,450,2700,"bu","13:34:33",2337100
16850,450,200,"sd","13:34:44",2337300
16850,450,100,"sd","13:35:03",2337400
16850,450,400,"sd","13:35:06",2337800
16900,500,500,"bu","13:35:27",2338300
16850,450,3000,"bu","13:35:33",2341300
16850,450,500,"sd","13:35:52",2341800
16850,450,3000,"bu","13:36:11",2344800
16850,450,17100,"sd","13:36:22",2361900
16850,450,2000,"bu","13:36:58",2363900
16850,450,1000,"sd","13:37:04",2364900
16850,450,500,"bu","13:37:08",2365400
16850,450,1200,"bu","13:37:47",2366600
16850,450,1000,"bu","13:37:55",2367600
16850,450,200,"sd","13:38:48",2367800
16850,450,600,"bu","13:39:05",2368400
16900,500,64800,"bu","13:40:07",2433200
16950,550,10000,"bu","13:40:19",2443200
16900,500,500,"bu","13:40:21",2443700
16950,550,500,"bu","13:40:31",2444200
16950,550,10300,"bu","13:40:56",2454500
16950,550,24900,"bu","13:41:12",2479400
17000,600,300,"bu","13:41:35",2479700
17000,600,2000,"bu","13:42:51",2481700
17000,600,1000,"bu","13:42:55",2482700
17000,600,5000,"sd","13:44:14",2487700
17000,600,10000,"sd","13:44:26",2497700
17000,600,4300,"sd","13:44:36",2502000
17000,600,2400,"sd","13:44:42",2504400
17000,600,200,"sd","13:45:04",2504600
16950,550,5000,"sd","13:45:18",2509600
17000,600,200,"bu","13:45:27",2509800
16950,550,5000,"bu","13:45:45",2514800
16950,550,3400,"sd","13:45:51",2518200
16950,550,8000,"sd","13:46:52",2526200
16950,550,2000,"sd","13:46:58",2528200
16950,550,200,"sd","13:47:29",2528400
16950,550,3100,"bu","13:47:59",2531500
16950,550,1000,"sd","13:48:55",2532500
16950,550,4100,"bu","13:49:38",2536600
16950,550,200,"sd","13:49:53",2536800
16950,550,4000,"sd","13:50:59",2540800
16950,550,6000,"sd","13:51:32",2546800
16950,550,1700,"sd","13:51:46",2548500
16950,550,2200,"sd","13:51:59",2550700
16950,550,100,"bu","13:52:05",2550800
16950,550,1200,"sd","13:52:11",2552000
16950,550,1300,"sd","13:52:28",2553300
16950,550,100,"bu","13:53:03",2553400
16950,550,2500,"bu","13:53:52",2555900
16950,550,5400,"bu","13:55:01",2561300
16950,550,1500,"sd","13:55:09",2562800
16950,550,500,"bu","13:55:11",2563300
16950,550,10000,"sd","13:55:32",2573300
16950,550,100,"sd","13:55:45",2573400
16950,550,1000,"sd","13:56:14",2574400
17000,600,10000,"bu","13:57:09",2584400
16950,550,700,"bu","13:57:24",2585100
17000,600,1000,"sd","13:57:30",2586100
16950,550,5000,"bu","13:58:50",2591100
17000,600,5200,"bu","14:00:08",2596300
17000,600,4000,"bu","14:00:39",2600300
17000,600,100000,"bu","14:00:46",2700300
17000,600,80000,"bu","14:00:51",2780300
17000,600,13100,"sd","14:00:53",2793400
17000,600,24400,"bu","14:00:57",2817800
17000,600,1300,"bu","14:01:00",2819100
17000,600,31800,"sd","14:01:02",2850900
17000,600,2000,"bu","14:01:16",2852900
17000,600,20000,"bu","14:01:45",2872900
17000,600,100,"sd","14:01:52",2873000
17000,600,1000,"sd","14:01:54",2874000
17050,650,6000,"bu","14:01:58",2880000
17050,650,42900,"bu","14:02:36",2922900
17050,650,1000,"bu","14:02:58",2923900
17050,650,500,"sd","14:03:11",2924400
17100,700,14000,"sd","14:03:23",2938400
17100,700,1000,"sd","14:04:07",2939400
17100,700,1000,"sd","14:04:30",2940400
17100,700,500,"sd","14:04:54",2940900
17050,650,10000,"bu","14:05:33",2950900
17050,650,5000,"bu","14:05:53",2955900
17050,650,9000,"bu","14:05:57",2964900
17050,650,9000,"sd","14:06:02",2973900
17050,650,500,"bu","14:06:07",2974400
17050,650,2000,"bu","14:06:09",2976400
17050,650,7200,"sd","14:06:14",2983600
17050,650,11000,"sd","14:06:24",2994600
17050,650,8000,"sd","14:06:26",3002600
17050,650,2100,"sd","14:06:35",3004700
17050,650,1100,"sd","14:06:41",3005800
17050,650,100,"sd","14:06:44",3005900
17050,650,2200,"bu","14:06:51",3008100
17050,650,9000,"sd","14:06:57",3017100
17050,650,70700,"sd","14:06:59",3087800
17000,600,1000,"bu","14:07:30",3088800
17000,600,3000,"sd","14:07:47",3091800
17000,600,5900,"bu","14:08:51",3097700
17000,600,29300,"sd","14:09:09",3127000
17000,600,1000,"sd","14:09:16",3128000
17000,600,38200,"sd","14:09:19",3166200
17000,600,800,"sd","14:09:25",3167000
17000,600,6400,"sd","14:09:27",3173400
17000,600,1300,"bu","14:09:32",3174700
17000,600,5000,"sd","14:09:34",3179700
17000,600,10000,"sd","14:09:45",3189700
17000,600,5700,"bu","14:09:47",3195400
17000,600,2400,"sd","14:09:49",3197800
17000,600,500,"bu","14:09:51",3198300
17000,600,4400,"sd","14:10:03",3202700
17000,600,28400,"sd","14:10:33",3231100
17000,600,100,"bu","14:10:40",3231200
17000,600,500,"bu","14:11:01",3231700
16950,550,1600,"bu","14:11:16",3233300
17000,600,500,"sd","14:11:25",3233800
17000,600,100,"bu","14:12:30",3233900
17000,600,2000,"bu","14:12:35",3235900
17000,600,1800,"bu","14:12:39",3237700
17000,600,1000,"bu","14:12:51",3238700
16950,550,10000,"bu","14:13:07",3248700
16950,550,1900,"bu","14:13:26",3250600
16950,550,20100,"bu","14:13:52",3270700
16950,550,4000,"sd","14:13:56",3274700
16950,550,100,"bu","14:14:55",3274800
16950,550,14000,"sd","14:15:27",3288800
16950,550,1000,"sd","14:15:36",3289800
16950,550,1500,"bu","14:15:52",3291300
16950,550,5000,"bu","14:16:04",3296300
16950,550,2000,"sd","14:16:09",3298300
16950,550,31500,"sd","14:16:26",3329800
16950,550,6300,"sd","14:16:56",3336100
16950,550,3500,"sd","14:16:59",3339600
16950,550,1200,"sd","14:17:07",3340800
16950,550,3300,"bu","14:17:34",3344100
16900,500,1000,"bu","14:17:56",3345100
16900,500,10000,"sd","14:18:07",3355100
16900,500,29500,"sd","14:18:12",3384600
16900,500,2000,"sd","14:19:15",3386600
16950,550,3000,"bu","14:19:56",3389600
16950,550,300,"sd","14:20:21",3389900
16950,550,300,"bu","14:20:39",3390200
16950,550,100,"bu","14:21:03",3390300
16950,550,500,"bu","14:21:16",3390800
16900,500,1000,"sd","14:21:19",3391800
16950,550,6700,"sd","14:21:26",3398500
16950,550,1100,"bu","14:21:42",3399600
16950,550,2500,"sd","14:22:22",3402100
17000,600,200,"sd","14:22:24",3402300
16950,550,15500,"bu","14:23:07",3417800
16900,500,23500,"sd","14:23:27",3441300
16950,550,2000,"bu","14:23:44",3443300
16950,550,3100,"sd","14:23:49",3446400
16950,550,1000,"bu","14:23:52",3447400
16900,500,3700,"bu","14:24:48",3451100
16950,550,500,"bu","14:24:53",3451600
16950,550,200,"bu","14:25:02",3451800
16950,550,1500,"bu","14:25:36",3453300
16950,550,2100,"bu","14:25:45",3455400
16950,550,3000,"sd","14:25:52",3458400
16950,550,3600,"sd","14:25:58",3462000
16950,550,1000,"sd","14:26:05",3463000
16950,550,500,"bu","14:26:10",3463500
16950,550,21000,"bu","14:26:29",3484500
16950,550,10100,"bu","14:26:32",3494600
16950,550,10000,"bu","14:26:51",3504600
16950,550,2500,"sd","14:27:27",3507100
16950,550,300,"bu","14:27:33",3507400
16950,550,7000,"bu","14:27:41",3514400
16950,550,5000,"bu","14:27:43",3519400
16950,550,20000,"sd","14:27:52",3539400
17000,600,200,"sd","14:28:23",3539600
16950,550,3000,"bu","14:28:28",3542600
17000,600,400,"sd","14:28:53",3543000
17000,600,1700,"sd","14:29:43",3544700
17000,600,500,"bu","14:29:53",3545200
17000,600,100,"bu","14:29:56",3545300
17000,600,115900,"sd","14:45:06",3661200
