"price","change","match_qtty","side","time","total_vol"
20050,50,4000,"sd","09:15:02",4000
20050,50,3000,"sd","09:15:18",7000
20050,50,100,"bu","09:15:37",7100
20100,100,2600,"sd","09:15:37",9700
20150,150,500,"sd","09:15:54",10200
20150,150,2600,"sd","09:16:41",12800
20200,200,1200,"sd","09:17:18",14000
20200,200,1000,"sd","09:17:33",15000
20200,200,500,"sd","09:18:38",15500
20200,200,100,"sd","09:19:14",15600
20250,250,2000,"bu","09:20:16",17600
20250,250,400,"sd","09:20:53",18000
20250,250,500,"bu","09:21:00",18500
20250,250,1700,"bu","09:21:10",20200
20250,250,100,"bu","09:21:31",20300
20250,250,1500,"sd","09:21:33",21800
20300,300,3000,"bu","09:21:48",24800
20300,300,2000,"bu","09:22:20",26800
20300,300,1100,"sd","09:22:37",27900
20300,300,400,"sd","09:22:56",28300
20300,300,3500,"sd","09:24:00",31800
20350,350,2500,"bu","09:24:10",34300
20350,350,900,"bu","09:25:02",35200
20400,400,300,"sd","09:25:08",35500
20350,350,100,"sd","09:25:09",35600
20350,350,1000,"bu","09:25:23",36600
20350,350,1000,"sd","09:25:59",37600
20300,300,500,"bu","09:26:02",38100
20300,300,1500,"sd","09:26:14",39600
20300,300,1200,"bu","09:26:27",40800
20350,350,500,"sd","09:27:22",41300
20350,350,800,"sd","09:27:36",42100
20350,350,600,"bu","09:28:10",42700
20300,300,700,"sd","09:28:24",43400
20300,300,500,"sd","09:28:36",43900
20300,300,1200,"sd","09:28:57",45100
20300,300,700,"sd","09:29:13",45800
20350,350,1000,"sd","09:29:40",46800
20400,400,4500,"bu","09:30:07",51300
20300,300,900,"sd","09:30:39",52200
20300,300,200,"bu","09:30:41",52400
20300,300,100,"sd","09:31:05",52500
20300,300,600,"sd","09:31:15",53100
20300,300,1200,"bu","09:31:24",54300
20300,300,1000,"sd","09:31:45",55300
20350,350,100,"bu","09:31:59",55400
20350,350,1000,"sd","09:32:23",56400
20350,350,300,"bu","09:33:02",56700
20350,350,1000,"sd","09:33:13",57700
20350,350,600,"sd","09:33:41",58300
20350,350,1800,"bu","09:34:06",60100
20350,350,700,"bu","09:34:55",60800
20350,350,500,"sd","09:35:19",61300
20300,300,700,"bu","09:35:23",62000
20300,300,400,"sd","09:35:38",62400
20300,300,500,"sd","09:36:10",62900
20300,300,700,"sd","09:36:27",63600
20300,300,100,"sd","09:36:43",63700
20300,300,500,"sd","09:37:01",64200
20300,300,500,"bu","09:37:47",64700
20350,350,1000,"sd","09:38:40",65700
20350,350,300,"sd","09:40:36",66000
20300,300,800,"bu","09:42:32",66800
20300,300,500,"sd","09:42:51",67300
20300,300,500,"bu","09:43:20",67800
20300,300,400,"sd","09:43:52",68200
20300,300,700,"bu","09:44:35",68900
20300,300,600,"sd","09:47:33",69500
20300,300,200,"sd","09:48:57",69700
20300,300,1500,"sd","09:49:15",71200
20300,300,1000,"bu","09:50:42",72200
20300,300,1200,"bu","09:51:44",73400
20300,300,1600,"sd","09:51:56",75000
20350,350,500,"sd","09:52:25",75500
20300,300,1200,"sd","09:52:28",76700
20300,300,400,"sd","09:52:33",77100
20300,300,100,"bu","09:53:36",77200
20300,300,600,"sd","09:53:50",77800
20250,250,500,"sd","09:55:31",78300
20300,300,1200,"sd","09:57:10",79500
20250,250,200,"bu","09:58:20",79700
20300,300,1500,"bu","09:58:26",81200
20300,300,500,"bu","09:59:52",81700
20300,300,600,"sd","10:00:06",82300
20300,300,2000,"sd","10:02:47",84300
20350,350,500,"bu","10:03:03",84800
20300,300,300,"bu","10:03:27",85100
20300,300,400,"bu","10:05:39",85500
20300,300,1000,"sd","10:07:50",86500
20250,250,200,"sd","10:09:06",86700
20300,300,800,"sd","10:09:39",87500
20300,300,500,"bu","10:11:19",88000
20300,300,1000,"sd","10:12:06",89000
20300,300,2200,"bu","10:14:43",91200
20300,300,300,"bu","10:16:29",91500
20300,300,400,"bu","10:17:39",91900
20300,300,1000,"bu","10:17:59",92900
20300,300,400,"bu","10:20:25",93300
20250,250,1600,"bu","10:21:11",94900
20250,250,400,"bu","10:21:23",95300
20200,200,4100,"sd","10:21:32",99400
20150,150,18700,"sd","10:21:51",118100
20150,150,1500,"bu","10:22:11",119600
20150,150,1800,"bu","10:22:27",121400
20300,300,500,"sd","10:23:24",121900
20300,300,2600,"bu","10:24:11",124500
20300,300,400,"sd","10:25:41",124900
20300,300,1000,"bu","10:26:08",125900
20300,300,500,"sd","10:26:21",126400
20350,350,2200,"sd","10:26:50",128600
20300,300,2000,"bu","10:29:52",130600
20300,300,200,"bu","10:30:50",130800
20250,250,1000,"sd","10:30:52",131800
20250,250,500,"sd","10:31:07",132300
20250,250,100,"bu","10:31:28",132400
20300,300,1000,"bu","10:31:47",133400
20300,300,1500,"bu","10:32:02",134900
20300,300,1400,"sd","10:33:09",136300
20350,350,300,"sd","10:34:28",136600
20350,350,1300,"sd","10:36:14",137900
20350,350,1500,"bu","10:38:30",139400
20350,350,1500,"bu","10:40:28",140900
20350,350,800,"bu","10:42:06",141700
20400,400,1000,"bu","10:42:41",142700
20300,300,1100,"sd","10:43:11",143800
20350,350,1300,"sd","10:44:44",145100
20350,350,200,"sd","10:45:14",145300
20300,300,1000,"sd","10:45:36",146300
20300,300,1000,"sd","10:46:37",147300
20300,300,1500,"bu","10:48:29",148800
20300,300,700,"bu","10:48:46",149500
20300,300,500,"sd","10:49:04",150000
20300,300,100,"sd","10:49:57",150100
20300,300,1300,"sd","10:50:21",151400
20300,300,700,"bu","10:51:16",152100
20300,300,1000,"sd","10:51:27",153100
20300,300,1800,"bu","10:52:20",154900
20300,300,200,"sd","10:52:28",155100
20300,300,300,"sd","10:53:32",155400
20300,300,1000,"bu","10:54:02",156400
20300,300,500,"bu","10:55:47",156900
20300,300,1000,"sd","10:57:02",157900
20300,300,500,"bu","10:58:35",158400
20300,300,1000,"sd","11:01:21",159400
20300,300,100,"sd","11:02:34",159500
20300,300,2000,"sd","11:03:28",161500
20300,300,1000,"sd","11:04:51",162500
20300,300,1500,"sd","11:07:04",164000
20300,300,600,"bu","11:09:28",164600
20300,300,900,"sd","11:09:47",165500
20350,350,1000,"bu","11:12:35",166500
20300,300,600,"bu","11:12:59",167100
20300,300,2500,"sd","11:16:36",169600
20300,300,500,"sd","11:16:53",170100
20300,300,1400,"sd","11:17:14",171500
20300,300,800,"sd","11:19:15",172300
20300,300,1000,"sd","11:21:13",173300
20250,250,200,"sd","11:21:22",173500
20300,300,3200,"bu","11:22:26",176700
20300,300,1500,"sd","11:22:43",178200
20250,250,200,"sd","11:22:51",178400
20300,300,400,"sd","11:23:26",178800
20300,300,2500,"sd","11:23:37",181300
20300,300,400,"sd","11:23:48",181700
20300,300,900,"bu","11:24:08",182600
20300,300,100,"bu","11:24:19",182700
20300,300,1500,"bu","11:24:31",184200
20350,350,1500,"sd","11:24:42",185700
20300,300,2500,"sd","11:25:54",188200
20300,300,1000,"bu","11:26:12",189200
20350,350,2600,"sd","11:26:46",191800
20300,300,1500,"sd","11:28:07",193300
20300,300,800,"sd","11:29:42",194100
20300,300,200,"bu","13:00:32",194300
20250,250,1300,"sd","13:00:33",195600
20250,250,700,"sd","13:01:25",196300
20250,250,500,"bu","13:01:48",196800
20250,250,1300,"sd","13:02:20",198100
20300,300,3000,"sd","13:02:36",201100
20250,250,1200,"sd","13:03:23",202300
20250,250,4200,"sd","13:05:54",206500
20250,250,2500,"bu","13:06:38",209000
20300,300,1400,"sd","13:07:10",210400
20250,250,700,"bu","13:07:41",211100
20250,250,800,"bu","13:08:30",211900
20250,250,1300,"sd","13:08:46",213200
20300,300,3000,"bu","13:09:10",216200
20300,300,1500,"sd","13:09:46",217700
20300,300,4000,"sd","13:10:02",221700
20250,250,2000,"sd","13:10:28",223700
20250,250,900,"bu","13:10:39",224600
20250,250,1500,"bu","13:11:35",226100
20250,250,2300,"bu","13:11:47",228400
20250,250,1000,"sd","13:12:25",229400
20300,300,3600,"sd","13:12:35",233000
20300,300,1000,"bu","13:13:11",234000
20250,250,2700,"sd","13:13:20",236700
20300,300,500,"sd","13:13:43",237200
20250,250,2100,"bu","13:13:45",239300
20250,250,1300,"bu","13:14:19",240600
20250,250,1200,"bu","13:14:29",241800
20300,300,2000,"bu","13:14:47",243800
20250,250,2100,"sd","13:15:22",245900
20250,250,400,"sd","13:15:39",246300
20250,250,1000,"sd","13:16:13",247300
20300,300,1600,"bu","13:16:26",248900
20300,300,1900,"bu","13:16:39",250800
20300,300,1100,"sd","13:16:49",251900
20300,300,300,"sd","13:16:52",252200
20250,250,1400,"sd","13:17:14",253600
20250,250,1500,"bu","13:17:22",255100
20250,250,2000,"bu","13:17:41",257100
20250,250,800,"sd","13:17:55",257900
20300,300,2000,"bu","13:18:16",259900
20250,250,1900,"bu","13:18:38",261800
20250,250,2900,"bu","13:18:51",264700
20250,250,800,"sd","13:19:05",265500
20300,300,3600,"sd","13:19:10",269100
20300,300,3000,"bu","13:19:26",272100
20300,300,2500,"bu","13:19:58",274600
20250,250,1300,"sd","13:20:00",275900
20300,300,4500,"sd","13:21:01",280400
20300,300,2500,"bu","13:21:53",282900
20250,250,2100,"sd","13:22:14",285000
20250,250,400,"bu","13:22:23",285400
20250,250,1900,"bu","13:22:52",287300
20250,250,1100,"sd","13:23:38",288400
20250,250,3200,"bu","13:24:11",291600
20300,300,1000,"sd","13:24:45",292600
20250,250,1200,"sd","13:24:49",293800
20250,250,100,"sd","13:25:03",293900
20250,250,600,"sd","13:25:40",294500
20250,250,1500,"sd","13:25:54",296000
20300,300,700,"sd","13:26:52",296700
20300,300,1500,"bu","13:27:08",298200
20200,200,3400,"bu","13:27:52",301600
20200,200,600,"bu","13:28:33",302200
20250,250,1600,"bu","13:31:15",303800
20250,250,1500,"sd","13:31:40",305300
20300,300,2500,"bu","13:32:07",307800
20250,250,1500,"bu","13:32:41",309300
20250,250,2000,"sd","13:33:24",311300
20300,300,2700,"bu","13:34:27",314000
20300,300,2600,"bu","13:35:49",316600
20300,300,1400,"sd","13:36:16",318000
20300,300,600,"sd","13:36:51",318600
20250,250,1600,"sd","13:37:16",320200
20300,300,2200,"bu","13:37:20",322400
20200,200,4800,"bu","13:37:41",327200
20300,300,1500,"bu","13:37:57",328700
20300,300,800,"bu","13:38:07",329500
20250,250,1400,"sd","13:38:21",330900
20250,250,2100,"sd","13:38:28",333000
20300,300,2000,"sd","13:38:48",335000
20250,250,1400,"sd","13:38:50",336400
20250,250,2300,"sd","13:39:31",338700
20300,300,2800,"bu","13:39:46",341500
20300,300,1300,"sd","13:40:11",342800
20300,300,700,"sd","13:40:27",343500
20300,300,2300,"bu","13:40:53",345800
20300,300,1100,"bu","13:41:00",346900
20300,300,1500,"bu","13:41:18",348400
20300,300,2700,"sd","13:42:11",351100
20300,300,900,"bu","13:43:45",352000
20250,250,1900,"sd","13:44:00",353900
20300,300,1000,"sd","13:44:02",354900
20200,200,2700,"bu","13:44:14",357600
20300,300,1100,"sd","13:44:22",358700
20150,150,13100,"bu","13:44:46",371800
20150,150,1500,"sd","13:44:50",373300
20150,150,2500,"bu","13:44:58",375800
20150,150,900,"bu","13:45:04",376700
20250,250,1500,"bu","13:45:33",378200
20300,300,1800,"bu","13:45:45",380000
20300,300,2500,"sd","13:46:11",382500
20200,200,3000,"sd","13:46:17",385500
20300,300,1000,"bu","13:46:23",386500
20300,300,800,"bu","13:46:39",387300
20300,300,2100,"sd","13:47:02",389400
20300,300,600,"sd","13:47:24",390000
20300,300,500,"sd","13:47:33",390500
20300,300,2900,"sd","13:47:41",393400
20300,300,200,"sd","13:47:57",393600
20300,300,3300,"bu","13:48:03",396900
20250,250,1800,"bu","13:48:15",398700
20250,250,2000,"bu","13:48:21",400700
20300,300,1900,"bu","13:48:24",402600
20300,300,300,"sd","13:48:51",402900
20300,300,3200,"bu","13:49:04",406100
20300,300,800,"bu","13:49:14",406900
20300,300,1300,"bu","13:49:48",408200
20300,300,1900,"sd","13:49:59",410100
20300,300,600,"sd","13:50:05",410700
20250,250,4500,"bu","13:50:22",415200
20300,300,2800,"sd","13:50:28",418000
20300,300,1600,"bu","13:50:57",419600
20250,250,3400,"sd","13:51:13",423000
20300,300,2200,"bu","13:51:22",425200
20300,300,2700,"bu","13:51:46",427900
20300,300,6000,"bu","13:51:59",433900
20150,150,4000,"bu","13:52:13",437900
20150,150,1000,"sd","13:52:19",438900
20300,300,1700,"bu","13:52:37",440600
20250,250,1600,"bu","13:52:45",442200
20250,250,2200,"bu","13:52:55",444400
20300,300,3100,"bu","13:53:09",447500
20300,300,2900,"bu","13:53:27",450400
20250,250,1700,"bu","13:53:36",452100
20250,250,2600,"bu","13:53:38",454700
20300,300,2700,"sd","13:53:47",457400
20250,250,1600,"bu","13:53:58",459000
20300,300,1300,"bu","13:54:10",460300
20300,300,2600,"sd","13:54:20",462900
20250,250,1600,"sd","13:54:26",464500
20250,250,2800,"bu","13:54:30",467300
20300,300,2900,"bu","13:54:40",470200
20200,200,1900,"bu","13:54:53",472100
20300,300,3100,"bu","13:54:57",475200
20250,250,2100,"bu","13:55:35",477300
20150,150,1700,"bu","13:55:45",479000
20150,150,300,"bu","13:55:49",479300
20200,200,1400,"sd","13:56:01",480700
20300,300,4400,"bu","13:56:23",485100
20250,250,1800,"sd","13:56:48",486900
20300,300,2900,"sd","13:56:57",489800
20200,200,1600,"sd","13:57:04",491400
20300,300,2900,"bu","13:57:22",494300
20300,300,3500,"bu","13:57:40",497800
20300,300,2100,"sd","13:58:10",499900
20250,250,4100,"sd","13:58:14",504000
20250,250,1600,"sd","13:58:28",505600
20300,300,2800,"bu","13:58:36",508400
20300,300,1900,"bu","13:58:40",510300
20300,300,1000,"sd","13:58:42",511300
20300,300,2800,"bu","13:58:52",514100
20300,300,3100,"bu","13:59:04",517200
20200,200,2600,"bu","13:59:18",519800
20300,300,2400,"bu","13:59:24",522200
20250,250,1800,"sd","13:59:41",524000
20300,300,1900,"bu","13:59:48",525900
20300,300,2200,"sd","13:59:57",528100
20250,250,1300,"sd","14:00:08",529400
20250,250,3200,"sd","14:00:14",532600
20300,300,1600,"bu","14:00:29",534200
20250,250,1400,"bu","14:00:37",535600
20300,300,3200,"sd","14:00:39",538800
20300,300,2300,"sd","14:01:00",541100
20250,250,2100,"bu","14:01:04",543200
20300,300,3300,"sd","14:01:14",546500
20200,200,1600,"sd","14:01:16",548100
20200,200,4100,"sd","14:01:33",552200
20250,250,2800,"bu","14:01:40",555000
20300,300,3000,"bu","14:01:52",558000
20250,250,1800,"bu","14:02:09",559800
20250,250,1200,"bu","14:03:25",561000
20250,250,1300,"bu","14:04:15",562300
20300,300,2100,"bu","14:04:34",564400
20250,250,1800,"sd","14:05:11",566200
20300,300,2000,"sd","14:05:35",568200
20250,250,1900,"bu","14:05:57",570100
20300,300,3100,"bu","14:06:09",573200
20250,250,1700,"bu","14:06:26",574900
20300,300,3100,"sd","14:06:35",578000
20250,250,3400,"bu","14:07:01",581400
20300,300,4100,"sd","14:07:35",585500
20250,250,2700,"bu","14:07:50",588200
20250,250,1900,"bu","14:08:00",590100
20300,300,2200,"sd","14:08:08",592300
20250,250,1000,"sd","14:08:11",593300
20250,250,1900,"bu","14:08:19",595200
20200,200,2000,"sd","14:08:20",597200
20200,200,1800,"bu","14:08:29",599000
20250,250,2000,"bu","14:08:39",601000
20300,300,5400,"sd","14:09:09",606400
20250,250,1800,"sd","14:09:19",608200
20300,300,2500,"sd","14:09:29",610700
20250,250,1700,"sd","14:09:45",612400
20300,300,2800,"sd","14:09:58",615200
20200,200,2100,"sd","14:10:03",617300
20200,200,900,"bu","14:10:16",618200
20300,300,2600,"bu","14:10:44",620800
20300,300,2900,"bu","14:10:59",623700
20250,250,1500,"sd","14:11:12",625200
20250,250,1900,"sd","14:11:25",627100
20300,300,3600,"sd","14:11:38",630700
20300,300,3000,"sd","14:12:01",633700
20250,250,1400,"sd","14:12:15",635100
20300,300,2600,"bu","14:12:28",637700
20300,300,2100,"bu","14:12:39",639800
20250,250,1400,"bu","14:12:59",641200
20250,250,1900,"bu","14:13:19",643100
20300,300,4100,"sd","14:13:33",647200
20250,250,1600,"sd","14:13:54",648800
20250,250,1400,"bu","14:14:15",650200
20300,300,2800,"sd","14:14:25",653000
20250,250,1200,"bu","14:14:31",654200
20300,300,2900,"sd","14:14:45",657100
20300,300,3200,"bu","14:14:55",660300
20250,250,2600,"sd","14:15:03",662900
20250,250,2100,"bu","14:15:25",665000
20300,300,1900,"sd","14:15:34",666900
20300,300,2000,"sd","14:15:48",668900
20250,250,1700,"bu","14:15:50",670600
20300,300,3500,"bu","14:16:16",674100
20300,300,3800,"bu","14:16:36",677900
20300,300,1900,"sd","14:16:56",679800
20250,250,1100,"sd","14:17:02",680900
20300,300,2900,"bu","14:17:15",683800
20250,250,3200,"sd","14:17:41",687000
20300,300,2800,"sd","14:17:54",689800
20250,250,1700,"bu","14:18:05",691500
20250,250,2300,"sd","14:18:27",693800
20250,250,600,"bu","14:18:47",694400
20300,300,4100,"sd","14:18:49",698500
20250,250,1800,"bu","14:19:38",700300
20250,250,1600,"sd","14:19:49",701900
20300,300,2800,"sd","14:19:58",704700
20300,300,1400,"bu","14:20:14",706100
20250,250,2700,"sd","14:20:51",708800
20200,200,1900,"bu","14:21:03",710700
20250,250,2900,"sd","14:21:16",713600
20250,250,300,"sd","14:21:24",713900
20300,300,2100,"bu","14:21:35",716000
20250,250,1200,"sd","14:21:39",717200
20300,300,2900,"bu","14:21:52",720100
20300,300,200,"sd","14:22:04",720300
20300,300,400,"bu","14:22:41",720700
20300,300,100,"sd","14:23:49",720800
20300,300,500,"sd","14:23:52",721300
20300,300,1500,"bu","14:24:07",722800
20300,300,2100,"bu","14:24:19",724900
20300,300,1100,"sd","14:24:34",726000
20250,250,1500,"sd","14:24:48",727500
20250,250,1900,"bu","14:25:04",729400
20250,250,1600,"bu","14:25:20",731000
20300,300,1900,"bu","14:25:31",732900
20300,300,1700,"bu","14:25:50",734600
20250,250,1600,"sd","14:26:17",736200
20300,300,4000,"bu","14:28:28",740200
20350,350,200,"bu","14:29:35",740400
