"price","change","match_qtty","side","time","total_vol"
40500,500,5000,"bu","09:15:02",5000
40400,400,1200,"bu","09:15:18",6200
40400,400,500,"bu","09:16:33",6700
40400,400,100,"bu","09:16:34",6800
40400,400,900,"bu","09:16:48",7700
40400,400,1500,"bu","09:17:31",9200
40500,500,1200,"sd","09:17:52",10400
40500,500,500,"bu","09:17:55",10900
40500,500,100,"bu","09:17:59",11000
40500,500,5000,"bu","09:19:36",16000
40400,400,2200,"sd","09:19:38",18200
40400,400,1400,"bu","09:19:40",19600
40400,400,2400,"bu","09:20:14",22000
40450,450,100,"bu","09:21:48",22100
40450,450,400,"sd","09:21:54",22500
40450,450,100,"bu","09:21:55",22600
40400,400,2000,"sd","09:21:58",24600
40400,400,300,"sd","09:22:10",24900
40400,400,200,"bu","09:22:44",25100
40400,400,1000,"bu","09:24:44",26100
40400,400,1900,"sd","09:24:57",28000
40500,500,11400,"bu","09:25:34",39400
40550,550,3600,"bu","09:25:52",43000
40600,600,10000,"sd","09:25:59",53000
40650,650,3900,"bu","09:26:36",56900
40650,650,200,"bu","09:26:48",57100
40600,600,300,"sd","09:27:32",57400
40600,600,2000,"bu","09:27:36",59400
40600,600,2000,"bu","09:27:40",61400
40600,600,100,"bu","09:27:50",61500
40650,650,1000,"sd","09:28:19",62500
40650,650,1500,"bu","09:29:11",64000
40650,650,1500,"sd","09:29:20",65500
40650,650,2200,"sd","09:29:23",67700
40650,650,2100,"sd","09:29:32",69800
40650,650,600,"bu","09:29:35",70400
40650,650,100,"bu","09:29:40",70500
40700,700,600,"bu","09:29:47",71100
40700,700,200,"bu","09:29:50",71300
40700,700,300,"bu","09:29:58",71600
40700,700,1300,"sd","09:31:15",72900
40700,700,200,"bu","09:31:20",73100
40700,700,100,"bu","09:31:20",73200
40700,700,1300,"bu","09:31:47",74500
40700,700,200,"bu","09:31:49",74700
40700,700,400,"bu","09:31:50",75100
40700,700,4300,"sd","09:31:53",79400
40700,700,100,"bu","09:32:05",79500
40700,700,4000,"sd","09:32:39",83500
40700,700,2000,"sd","09:32:40",85500
40700,700,2200,"bu","09:33:03",87700
40700,700,200,"bu","09:33:29",87900
40700,700,5900,"bu","09:33:31",93800
40700,700,1100,"bu","09:33:35",94900
40700,700,2100,"bu","09:33:35",97000
40700,700,500,"bu","09:33:35",97500
40700,700,400,"sd","09:33:40",97900
40700,700,1000,"sd","09:33:49",98900
40700,700,500,"bu","09:34:20",99400
40700,700,100,"bu","09:34:52",99500
40700,700,1000,"bu","09:37:08",100500
40700,700,2500,"sd","09:37:19",103000
40700,700,100,"bu","09:37:30",103100
40800,800,17700,"bu","09:38:10",120800
40800,800,1100,"sd","09:39:04",121900
40900,900,1800,"bu","09:40:03",123700
40900,900,900,"sd","09:40:05",124600
40900,900,2700,"bu","09:40:09",127300
40900,900,100,"bu","09:40:28",127400
40900,900,3900,"sd","09:40:30",131300
40900,900,700,"sd","09:40:34",132000
40900,900,400,"sd","09:40:35",132400
40900,900,1000,"bu","09:41:01",133400
40950,950,1800,"sd","09:41:15",135200
40950,950,100,"sd","09:41:19",135300
40950,950,1400,"sd","09:41:21",136700
40950,950,300,"sd","09:41:24",137000
40950,950,400,"sd","09:41:25",137400
40950,950,200,"sd","09:41:28",137600
40950,950,400,"bu","09:41:30",138000
40950,950,1500,"bu","09:41:33",139500
40950,950,200,"bu","09:41:34",139700
41000,1000,10000,"sd","09:41:37",149700
41000,1000,2100,"sd","09:41:40",151800
41000,1000,300,"sd","09:42:00",152100
41000,1000,200,"bu","09:42:30",152300
41000,1000,5100,"sd","09:42:51",157400
41000,1000,1700,"sd","09:43:05",162400
41100,1100,500,"bu","09:43:08",162900
41150,1150,600,"sd","09:43:24",163500
41150,1150,2000,"sd","09:43:25",165500
41150,1150,500,"sd","09:43:30",166000
41350,1350,4400,"bu","09:43:56",170400
41350,1350,100,"bu","09:44:05",170500
41350,1350,1000,"sd","09:44:15",171500
41400,1400,400,"sd","09:44:17",171900
41400,1400,600,"sd","09:44:20",172500
41400,1400,100,"sd","09:44:25",172600
41400,1400,600,"sd","09:44:32",173200
41400,1400,200,"sd","09:44:35",173400
41400,1400,3000,"sd","09:44:38",176400
41400,1400,600,"sd","09:44:40",177000
41350,1350,1700,"bu","09:44:40",178700
41350,1350,400,"bu","09:44:45",179100
41350,1350,600,"bu","09:44:50",179700
41400,1400,200,"bu","09:44:54",179900
41500,1500,15100,"bu","09:44:55",195000
41500,1500,200,"sd","09:44:59",195200
41500,1500,100,"sd","09:45:04",195300
41500,1500,500,"bu","09:45:05",195800
41500,1500,3500,"bu","09:45:08",199300
41500,1500,100,"sd","09:45:18",199400
41600,1600,6800,"bu","09:45:31",206200
41600,1600,1600,"bu","09:46:10",207800
41600,1600,600,"bu","09:46:13",208400
41600,1600,1000,"sd","09:46:28",209400
41500,1500,100,"bu","09:47:08",209500
41500,1500,1500,"sd","09:47:41",211000
41500,1500,2000,"bu","09:47:44",213000
41500,1500,1000,"sd","09:48:47",214000
41500,1500,700,"bu","09:48:48",214700
41500,1500,6600,"bu","09:48:58",221300
41500,1500,300,"bu","09:49:06",221600
41500,1500,2900,"bu","09:49:12",224500
41500,1500,1000,"bu","09:49:15",226000
41500,1500,600,"bu","09:49:20",226600
41500,1500,100,"bu","09:49:25",226700
41400,1400,2300,"bu","09:49:42",229000
41400,1400,100,"sd","09:50:08",229100
41400,1400,500,"bu","09:50:16",229600
41400,1400,2500,"bu","09:51:20",232100
41400,1400,100,"sd","09:51:21",232200
41400,1400,1100,"bu","09:51:23",233300
41400,1400,2000,"bu","09:51:46",235300
41400,1400,100,"sd","09:51:54",235400
41200,1200,10100,"sd","09:52:59",245500
41200,1200,500,"bu","09:53:55",246000
41200,1200,4100,"bu","09:54:50",250100
41200,1200,3500,"sd","09:54:51",253600
41250,1250,4000,"bu","09:55:59",257600
41250,1250,200,"bu","09:56:38",257800
41250,1250,7500,"bu","09:59:13",265300
41250,1250,200,"bu","10:00:39",265500
41250,1250,500,"bu","10:00:55",266000
41250,1250,200,"sd","10:01:04",266200
41250,1250,300,"sd","10:02:02",266500
41250,1250,5000,"sd","10:02:36",271500
41300,1300,1000,"bu","10:03:43",272500
41300,1300,500,"sd","10:03:46",273000
41300,1300,200,"sd","10:03:51",273200
41250,1250,2900,"bu","10:04:08",276100
41250,1250,1300,"sd","10:04:11",277400
41250,1250,100,"sd","10:04:13",277500
41250,1250,600,"bu","10:04:15",278100
41250,1250,100,"sd","10:04:21",278200
41200,1200,600,"bu","10:08:12",278800
41250,1250,3400,"bu","10:10:12",282200
41250,1250,200,"bu","10:10:44",282400
41250,1250,100,"bu","10:11:48",282500
41250,1250,200,"sd","10:11:50",282700
41250,1250,1200,"sd","10:12:00",283900
41250,1250,100,"bu","10:13:41",284000
41300,1300,300,"sd","10:15:59",284300
41250,1250,3200,"sd","10:20:22",287500
41250,1250,100,"bu","10:22:18",287600
41300,1300,300,"sd","10:23:27",287900
41250,1250,7000,"sd","10:29:35",294900
41250,1250,3000,"sd","10:29:36",297900
41250,1250,1000,"sd","10:30:14",298900
41250,1250,500,"bu","10:30:31",299400
41250,1250,1800,"bu","10:30:33",301200
41300,1300,11800,"bu","10:31:09",313000
41400,1400,1200,"sd","10:31:22",314200
41500,1500,28800,"sd","10:31:23",343000
41500,1500,3100,"sd","10:31:26",346100
41600,1600,19600,"sd","10:32:26",365700
41600,1600,400,"bu","10:32:46",366100
41500,1500,1100,"sd","10:33:17",367200
41500,1500,10000,"sd","10:34:13",377200
41600,1600,500,"sd","10:34:53",377700
41600,1600,3700,"sd","10:36:46",381400
41600,1600,200,"bu","10:36:49",381600
41500,1500,100,"sd","10:36:52",381700
41600,1600,1000,"sd","10:37:07",382700
41600,1600,200,"bu","10:37:42",382900
41500,1500,1000,"sd","10:38:45",383900
41500,1500,500,"sd","10:40:54",384400
41500,1500,3000,"bu","10:43:11",387400
41500,1500,100,"sd","10:43:15",387500
41500,1500,1000,"sd","10:43:40",388500
41500,1500,100,"bu","10:44:07",388600
41550,1550,1000,"bu","10:45:41",389600
41500,1500,10000,"bu","10:46:13",399600
41500,1500,500,"sd","10:46:28",400100
41500,1500,5000,"bu","10:46:49",405100
41500,1500,8000,"bu","10:47:25",413100
41500,1500,3000,"sd","10:47:45",416100
41500,1500,1200,"bu","10:47:46",417300
41500,1500,400,"sd","10:48:15",417700
41500,1500,100,"sd","10:48:19",417800
41600,1600,10000,"bu","10:48:20",427800
41600,1600,1000,"sd","10:49:03",428800
41500,1500,100,"sd","10:50:06",428900
41500,1500,5100,"bu","10:52:01",434000
41500,1500,500,"sd","10:52:11",434500
41550,1550,100,"sd","10:53:04",434600
41500,1500,2200,"sd","10:54:04",436800
41500,1500,3000,"sd","10:54:09",439800
41500,1500,8300,"bu","10:54:17",448100
41500,1500,1600,"sd","10:54:21",449700
41500,1500,100,"bu","10:54:23",449800
41500,1500,1000,"bu","10:54:24",450800
41500,1500,1600,"sd","10:54:54",452400
41500,1500,1000,"sd","10:55:14",453400
41500,1500,1000,"bu","10:55:20",454400
41500,1500,1000,"sd","10:55:25",455400
41500,1500,700,"sd","10:55:51",456100
41500,1500,100,"bu","10:55:52",456200
41400,1400,1100,"sd","10:59:59",457300
41400,1400,800,"sd","11:00:02",458100
41400,1400,300,"bu","11:00:06",458400
41350,1350,900,"sd","11:02:06",459300
41350,1350,100,"sd","11:02:51",459400
41350,1350,2000,"bu","11:03:15",461400
41350,1350,2000,"sd","11:04:28",463400
41350,1350,2400,"bu","11:05:02",465800
41350,1350,1400,"sd","11:05:33",467200
41400,1400,2400,"sd","11:07:06",469600
41400,1400,600,"sd","11:07:07",470200
41400,1400,500,"sd","11:07:12",470700
41400,1400,200,"bu","11:07:17",470900
41400,1400,200,"sd","11:07:42",471100
41350,1350,1200,"bu","11:09:25",472300
41350,1350,500,"bu","11:09:26",472800
41350,1350,200,"bu","11:09:31",473000
41300,1300,20000,"bu","11:09:37",493000
41350,1350,200,"bu","11:09:44",493200
41350,1350,1800,"bu","11:09:52",495000
41350,1350,300,"bu","11:09:56",495300
41350,1350,500,"sd","11:09:57",495800
41350,1350,300,"bu","11:10:02",496100
41350,1350,5000,"sd","11:10:19",501100
41350,1350,500,"sd","11:10:21",501600
41350,1350,100,"sd","11:11:26",501700
41350,1350,18500,"sd","11:13:30",520200
41350,1350,8100,"sd","11:13:32",528300
41350,1350,3300,"sd","11:13:36",531600
41350,1350,100,"bu","11:13:37",531700
41350,1350,700,"bu","11:14:41",532400
41350,1350,100,"sd","11:15:13",532500
41350,1350,500,"bu","11:17:01",533000
41350,1350,4600,"sd","11:18:56",537600
41350,1350,100,"sd","11:20:31",537700
41350,1350,10000,"bu","11:22:50",547700
41350,1350,800,"sd","11:24:53",548500
41350,1350,500,"sd","11:26:22",549000
41350,1350,2500,"sd","11:28:18",551500
41350,1350,500,"sd","11:29:14",552000
41350,1350,10000,"bu","11:29:54",562000
41350,1350,1000,"sd","13:00:14",563000
41400,1400,200,"sd","13:00:15",563200
41350,1350,1000,"bu","13:00:16",564200
41350,1350,500,"bu","13:00:16",564700
41400,1400,200,"bu","13:00:23",564900
41400,1400,500,"bu","13:00:35",565400
41400,1400,800,"sd","13:00:36",566200
41400,1400,100,"bu","13:00:40",566300
41400,1400,400,"bu","13:00:45",566700
41400,1400,400,"sd","13:00:46",567100
41400,1400,3000,"bu","13:00:48",570100
41400,1400,700,"bu","13:00:50",570800
41400,1400,1600,"bu","13:00:57",572400
41350,1350,1000,"bu","13:00:59",573400
41400,1400,400,"bu","13:01:01",573800
41400,1400,900,"bu","13:01:06",574700
41350,1350,15000,"bu","13:01:07",589700
41400,1400,6000,"bu","13:01:13",595700
41400,1400,100,"sd","13:01:25",595800
41400,1400,3100,"sd","13:02:35",598900
41400,1400,100,"sd","13:04:00",599000
41400,1400,2000,"sd","13:04:32",601000
41400,1400,1000,"bu","13:04:34",602000
41400,1400,1500,"sd","13:05:40",603500
41400,1400,2000,"bu","13:05:56",605500
41400,1400,1000,"bu","13:06:12",606500
41400,1400,700,"sd","13:06:51",607200
41400,1400,200,"bu","13:07:05",607400
41450,1450,10000,"bu","13:07:14",617400
41450,1450,5000,"sd","13:07:17",622400
41450,1450,2800,"sd","13:07:22",625200
41450,1450,500,"sd","13:07:26",625700
41450,1450,600,"bu","13:07:28",626300
41450,1450,300,"bu","13:07:30",626600
41450,1450,400,"bu","13:07:32",627000
41450,1450,5400,"bu","13:07:35",632400
41450,1450,3100,"bu","13:07:37",635500
41450,1450,3900,"bu","13:07:45",639400
41450,1450,2300,"bu","13:07:48",641700
41500,1500,3000,"bu","13:08:20",644700
41500,1500,1600,"sd","13:08:21",646300
41500,1500,600,"bu","13:08:27",646900
41500,1500,1300,"sd","13:08:32",648200
41550,1550,200,"bu","13:08:34",648400
41550,1550,900,"sd","13:09:08",649300
41600,1600,9300,"bu","13:09:13",658600
41650,1650,700,"sd","13:09:38",659300
41650,1650,600,"sd","13:09:41",659900
41600,1600,1800,"sd","13:09:57",661700
41600,1600,1000,"sd","13:10:02",662700
41600,1600,500,"sd","13:10:25",663200
41600,1600,400,"bu","13:10:34",663600
41650,1650,300,"sd","13:11:20",663900
41600,1600,1000,"sd","13:11:21",664900
41600,1600,100,"sd","13:11:42",665000
41600,1600,800,"sd","13:12:15",665800
41600,1600,200,"sd","13:12:19",666000
41650,1650,2000,"bu","13:12:25",668000
41650,1650,100,"bu","13:12:40",668100
41650,1650,1000,"bu","13:12:51",669100
41650,1650,1600,"sd","13:13:02",670700
41650,1650,1000,"sd","13:13:18",671700
41700,1700,1000,"sd","13:14:13",672700
41700,1700,2300,"sd","13:14:21",675000
41800,1800,1100,"sd","13:14:38",676100
41700,1700,1000,"sd","13:14:48",677100
41800,1800,9200,"sd","13:14:55",686300
41800,1800,800,"sd","13:14:58",687100
41800,1800,1200,"sd","13:15:07",688300
41700,1700,5000,"sd","13:15:08",693300
41800,1800,500,"sd","13:16:02",693800
41800,1800,2200,"bu","13:16:58",696000
41800,1800,1000,"sd","13:17:09",697000
41750,1750,200,"bu","13:17:12",697200
41800,1800,9400,"bu","13:18:18",706600
41750,1750,1000,"sd","13:18:46",707600
41700,1700,5000,"sd","13:19:05",712600
41700,1700,4300,"sd","13:20:34",716900
41700,1700,3300,"sd","13:20:55",720200
41650,1650,200,"bu","13:20:56",720400
41600,1600,2000,"bu","13:21:19",722400
41650,1650,1000,"sd","13:21:55",723400
41700,1700,1000,"bu","13:21:57",724400
41700,1700,2400,"sd","13:22:12",726800
41700,1700,400,"bu","13:23:31",727200
41700,1700,500,"sd","13:23:47",727700
41700,1700,200,"sd","13:24:07",727900
41700,1700,100,"sd","13:24:49",728000
41700,1700,500,"sd","13:25:01",728500
41700,1700,12000,"bu","13:30:25",740500
41700,1700,500,"sd","13:31:00",741000
41700,1700,2300,"bu","13:31:23",743300
41600,1600,800,"sd","13:32:23",744100
41600,1600,200,"sd","13:32:41",744300
41600,1600,500,"bu","13:33:37",744800
41600,1600,1000,"sd","13:35:12",745800
41600,1600,2000,"bu","13:35:39",747800
41650,1650,1000,"bu","13:35:52",748800
41600,1600,300,"bu","13:36:24",749100
41600,1600,1000,"sd","13:37:14",750100
41600,1600,5000,"bu","13:38:26",755100
41600,1600,600,"sd","13:39:18",755700
41600,1600,2100,"bu","13:39:39",757800
41650,1650,200,"bu","13:39:42",758000
41600,1600,2400,"bu","13:39:46",760400
41600,1600,8700,"bu","13:40:38",769100
41650,1650,500,"sd","13:41:58",769600
41650,1650,2200,"bu","13:43:09",771800
41650,1650,7200,"bu","13:46:29",779000
41600,1600,4500,"sd","13:46:41",783500
41600,1600,200,"bu","13:47:59",783700
41600,1600,1800,"bu","13:48:43",785500
41600,1600,100,"bu","13:50:45",785600
41650,1650,2000,"bu","13:54:48",787600
41650,1650,2200,"sd","13:54:57",789800
41650,1650,200,"sd","13:55:09",790000
41650,1650,2000,"bu","13:56:16",792000
41650,1650,600,"bu","13:56:44",792600
41650,1650,900,"sd","13:57:24",793500
41650,1650,100,"bu","13:57:30",793600
41650,1650,1100,"sd","13:57:51",794700
41650,1650,1200,"bu","13:58:32",795900
41650,1650,300,"bu","13:58:52",796200
41700,1700,2000,"bu","14:00:39",798200
41650,1650,5000,"sd","14:01:18",803200
41650,1650,2000,"bu","14:01:45",805200
41650,1650,2000,"sd","14:04:02",807200
41650,1650,500,"sd","14:04:17",807700
41650,1650,1300,"bu","14:06:28",809000
41700,1700,2600,"sd","14:07:27",811600
41700,1700,3000,"sd","14:08:47",814600
41650,1650,300,"sd","14:09:32",814900
41700,1700,2900,"bu","14:10:11",817800
41700,1700,10100,"bu","14:13:09",827900
41700,1700,100,"bu","14:13:47",828000
41650,1650,1000,"sd","14:14:13",829000
41700,1700,3400,"sd","14:14:15",832400
41700,1700,100,"sd","14:14:20",832500
41700,1700,3500,"bu","14:15:36",836000
41650,1650,1000,"bu","14:15:41",837000
41650,1650,5000,"bu","14:16:24",842000
41700,1700,3400,"sd","14:16:56",845400
41700,1700,3300,"bu","14:18:17",848700
41650,1650,200,"bu","14:18:52",848900
41750,1750,4700,"sd","14:19:40",853600
41700,1700,100,"sd","14:20:16",853700
41750,1750,3300,"sd","14:21:01",857000
41750,1750,200,"sd","14:21:57",857200
41800,1800,4500,"sd","14:22:20",861700
41800,1800,500,"sd","14:22:57",862200
41800,1800,4500,"bu","14:23:44",866700
41800,1800,3400,"bu","14:25:04",870100
41800,1800,500,"sd","14:25:09",870600
41800,1800,100,"sd","14:25:17",870700
41800,1800,500,"bu","14:25:22",871200
41750,1750,1100,"bu","14:27:06",872300
41750,1750,200,"bu","14:27:27",872500
41800,1800,100,"bu","14:27:33",872600
41750,1750,200,"sd","14:29:18",872800
41600,1600,24700,"sd","14:45:06",897500
