"price","change","match_qtty","side","time","total_vol"
63000,0,700,"sd","09:15:01",700
63000,0,200,"bu","09:15:16",900
63200,200,100,"bu","09:15:16",1000
63400,400,15000,"sd","09:15:52",16000
63400,400,800,"bu","09:16:03",16800
63300,300,12500,"sd","09:16:31",29300
63300,300,10500,"sd","09:16:46",39800
63300,300,10500,"bu","09:16:56",50300
63300,300,10500,"bu","09:17:16",60800
63300,300,8900,"sd","09:17:29",69700
63300,300,20000,"bu","09:17:48",89700
63300,300,11500,"sd","09:17:58",101200
63300,300,10700,"sd","09:18:11",111900
63300,300,12500,"sd","09:20:59",124400
63300,300,8500,"bu","09:21:06",132900
63300,300,9400,"bu","09:21:14",142300
63300,300,8800,"bu","09:21:24",151100
63300,300,500,"sd","09:22:20",151600
63300,300,10500,"sd","09:34:02",162100
63300,300,19900,"bu","09:34:31",182000
63300,300,10700,"sd","09:34:46",192700
63300,300,10800,"bu","09:34:59",203500
63000,0,900,"bu","09:35:06",204400
63300,300,7800,"sd","09:35:18",212200
63200,200,6000,"sd","09:41:49",218200
63200,200,4500,"sd","09:41:57",222700
63200,200,3500,"bu","09:42:04",226200
63200,200,4100,"sd","09:42:12",230300
63200,200,5800,"sd","09:42:17",236100
63300,300,300,"bu","09:42:37",236400
63300,300,200,"bu","09:42:41",236600
63200,200,5400,"sd","09:43:08",242000
63200,200,4800,"sd","09:43:14",246800
63200,200,5600,"sd","09:43:20",252400
63000,0,1000,"bu","09:48:56",253400
63100,100,8500,"sd","09:51:32",261900
63100,100,8000,"bu","09:51:56",269900
63100,100,7000,"bu","09:52:13",276900
63100,100,4500,"sd","09:52:31",281400
63100,100,1500,"sd","09:52:35",282900
63100,100,1500,"sd","09:52:50",284400
63100,100,1800,"bu","09:52:57",286200
63100,100,2400,"sd","09:53:17",288600
63100,100,1500,"sd","09:53:21",290100
63100,100,2800,"bu","09:53:53",292900
63200,200,1800,"bu","09:54:02",294700
63100,100,2400,"bu","09:54:18",297100
63100,100,2800,"sd","09:54:35",299900
63100,100,1200,"bu","09:54:39",301100
63100,100,2900,"sd","09:54:53",304000
63000,0,1000,"sd","09:56:11",305000
62900,-100,2000,"bu","09:58:36",307000
63000,0,200,"bu","10:04:02",307200
62900,-100,1400,"bu","10:04:06",308600
62900,-100,1300,"sd","10:04:18",309900
62900,-100,1200,"bu","10:05:15",311100
62900,-100,4100,"sd","10:11:05",315200
62900,-100,1000,"sd","10:11:27",316200
62900,-100,3400,"sd","10:11:38",319600
62900,-100,1200,"bu","10:11:43",320800
63000,0,300,"sd","10:12:01",321100
62900,-100,100,"sd","10:13:12",321200
62900,-100,3400,"sd","10:13:16",324600
62900,-100,3500,"sd","10:13:31",328100
62900,-100,2500,"sd","10:13:34",330600
62900,-100,3500,"sd","10:14:02",334100
62900,-100,1300,"bu","10:14:33",335400
62900,-100,2300,"bu","10:23:14",337700
63000,0,2900,"sd","10:23:15",340600
63000,0,3500,"sd","10:23:30",344100
63000,0,4600,"sd","10:23:41",348700
63000,0,4600,"bu","10:24:05",353300
63000,0,1200,"bu","10:24:08",354500
63000,0,3900,"sd","10:24:20",358400
63000,0,1200,"sd","10:24:24",359600
63000,0,4800,"sd","10:24:35",364400
63000,0,1200,"bu","10:27:01",365600
63000,0,3000,"bu","10:29:21",368600
63000,0,900,"bu","10:30:03",369500
63000,0,1100,"sd","10:31:20",370600
63000,0,1900,"bu","10:31:32",372500
63100,100,3000,"sd","10:31:38",375500
63000,0,3400,"bu","10:34:13",378900
62900,-100,100,"sd","10:36:10",379000
62900,-100,4500,"bu","10:36:13",383500
62900,-100,800,"sd","10:36:17",384300
62900,-100,100,"bu","10:36:52",384400
62900,-100,200,"sd","10:38:22",384600
62900,-100,2100,"bu","10:41:34",386700
62900,-100,1000,"bu","10:46:55",387700
62900,-100,5400,"sd","10:47:00",393100
62900,-100,300,"sd","10:47:55",393400
62900,-100,300,"sd","10:50:13",393700
62900,-100,300,"sd","10:52:24",394000
62900,-100,3900,"sd","10:52:27",397900
62900,-100,800,"bu","10:52:39",398700
62900,-100,2100,"sd","10:52:48",400800
62900,-100,5000,"bu","10:53:06",405800
62900,-100,3400,"bu","10:53:31",409200
62900,-100,3600,"sd","10:53:43",412800
62900,-100,1800,"bu","10:54:10",414600
62900,-100,3100,"bu","10:54:24",417700
62900,-100,2000,"sd","10:54:38",419700
62900,-100,1100,"sd","10:56:42",420800
62900,-100,200,"bu","11:05:06",421000
62900,-100,2800,"bu","11:05:09",423800
62900,-100,1000,"sd","11:05:13",424800
62900,-100,2800,"sd","11:05:26",427600
62900,-100,800,"bu","11:10:11",428400
62900,-100,3400,"bu","11:10:52",431800
62900,-100,6500,"bu","11:11:06",438300
62900,-100,3800,"sd","11:11:21",442100
62900,-100,4100,"sd","11:11:34",446200
62900,-100,4000,"bu","11:11:48",450200
62900,-100,2200,"bu","11:12:02",452400
63000,0,3200,"bu","11:12:09",455600
63000,0,4500,"bu","11:20:26",460100
63000,0,2400,"bu","11:20:45",462500
63000,0,4600,"sd","11:21:00",467100
63000,0,1800,"sd","11:21:03",468900
63000,0,3400,"sd","11:22:24",472300
63000,0,1500,"sd","11:22:29",473800
63000,0,3400,"bu","11:22:43",477200
63000,0,3400,"sd","11:23:12",480600
63000,0,5000,"sd","11:23:31",485600
63000,0,1500,"sd","11:23:39",487100
63000,0,2400,"bu","11:24:00",489500
63000,0,1500,"sd","11:24:04",491000
63000,0,3400,"sd","11:24:33",494400
63000,0,4000,"sd","11:24:45",498400
63100,100,6500,"bu","11:29:25",504900
62900,-100,1700,"bu","13:03:21",506600
62900,-100,3100,"sd","13:04:00",509700
62900,-100,4000,"bu","13:04:17",513700
62900,-100,4000,"bu","13:04:56",517700
62900,-100,4000,"sd","13:05:12",521700
62900,-100,2400,"bu","13:05:28",524100
62900,-100,3800,"sd","13:05:48",527900
62900,-100,3600,"bu","13:06:28",531500
62900,-100,3700,"bu","13:06:44",535200
62900,-100,1200,"bu","13:07:48",536400
62900,-100,3800,"sd","13:08:01",540200
62900,-100,1700,"bu","13:08:16",541900
63000,0,2800,"bu","13:11:11",544700
63000,0,200,"bu","13:11:20",544900
63000,0,2800,"sd","13:11:25",547700
63000,0,3400,"sd","13:12:07",551100
63000,0,3400,"sd","13:12:37",554500
63000,0,1500,"sd","13:12:42",556000
63000,0,4000,"sd","13:12:59",560000
63000,0,3400,"sd","13:13:24",563400
63000,0,2500,"bu","13:13:38",565900
63000,0,200,"sd","13:17:37",566100
63000,0,5000,"sd","13:21:05",571100
63000,0,7000,"bu","13:21:19",578100
63000,0,4700,"bu","13:21:44",582800
63000,0,5000,"sd","13:21:57",587800
63000,0,2500,"bu","13:22:16",590300
63000,0,4500,"sd","13:26:20",594800
63000,0,1200,"sd","13:26:25",596000
63000,0,5000,"sd","13:28:46",601000
63000,0,3800,"sd","13:28:59",604800
63000,0,5000,"sd","13:30:27",609800
63000,0,300,"sd","13:30:57",610100
62900,-100,3000,"bu","13:31:30",613100
62900,-100,2000,"sd","13:31:52",615100
62900,-100,4200,"sd","13:42:17",619300
62900,-100,4700,"bu","13:42:51",624000
62900,-100,4100,"sd","13:43:15",628100
62900,-100,300,"sd","13:44:50",628400
62900,-100,3700,"bu","13:46:07",632100
62900,-100,3200,"bu","13:46:23",635300
62900,-100,2400,"bu","13:46:39",637700
62900,-100,3100,"sd","13:46:54",640800
62900,-100,3500,"sd","13:47:10",644300
62900,-100,2400,"bu","13:47:24",646700
62900,-100,2400,"bu","13:47:39",649100
62900,-100,4500,"bu","13:48:55",653600
62900,-100,2800,"bu","13:49:10",656400
62900,-100,2200,"bu","13:49:18",658600
62900,-100,2000,"bu","13:50:30",660600
62900,-100,1500,"sd","13:50:47",662100
62900,-100,5900,"bu","13:51:05",668000
62900,-100,100,"bu","13:57:57",668100
62900,-100,1000,"bu","13:59:57",669100
62900,-100,1500,"sd","14:00:06",670600
62900,-100,2400,"bu","14:00:10",673000
62900,-100,4700,"bu","14:00:27",677700
62900,-100,5000,"sd","14:00:46",682700
62900,-100,3400,"sd","14:01:44",686100
62900,-100,5000,"sd","14:02:11",691100
62900,-100,4800,"sd","14:02:25",695900
62900,-100,5000,"sd","14:02:52",700900
62900,-100,3400,"bu","14:03:09",704300
62900,-100,300,"bu","14:03:11",704600
62900,-100,5800,"sd","14:03:36",710400
62900,-100,2700,"sd","14:04:41",713100
62900,-100,4000,"sd","14:04:58",717100
62900,-100,3800,"sd","14:05:15",720900
62900,-100,1300,"bu","14:05:19",722200
62900,-100,1400,"bu","14:09:27",723600
62900,-100,2500,"sd","14:09:49",726100
62900,-100,1800,"bu","14:10:07",727900
62900,-100,1200,"sd","14:10:25",729100
62900,-100,7000,"bu","14:14:11",736100
62900,-100,3100,"sd","14:14:37",739200
62900,-100,3100,"bu","14:14:45",742300
62900,-100,2500,"bu","14:14:50",744800
62800,-200,2500,"sd","14:14:55",747300
62900,-100,2400,"sd","14:15:01",749700
62900,-100,3600,"sd","14:15:17",753300
62900,-100,1200,"bu","14:15:19",754500
62900,-100,2000,"bu","14:15:34",756500
62900,-100,1500,"bu","14:15:39",758000
62900,-100,800,"bu","14:16:49",758800
62900,-100,3400,"sd","14:17:05",762200
62900,-100,1200,"sd","14:17:07",763400
62900,-100,3400,"sd","14:17:34",766800
62900,-100,1500,"bu","14:17:36",768300
62900,-100,800,"sd","14:17:43",769100
63000,0,9100,"bu","14:18:17",778200
62900,-100,1100,"sd","14:22:46",779300
62900,-100,100,"sd","14:24:09",779400
62900,-100,1500,"bu","14:27:50",780900
62900,-100,400,"bu","14:28:25",781300
63000,0,12100,"sd","14:45:06",793400
