"price","change","match_qtty","side","time","total_vol"
4300,-100,2000,"sd","09:00:21",2000
4400,0,1000,"bu","09:03:36",3000
4400,0,100000,"sd","09:04:37",103000
4400,0,72000,"sd","09:04:38",175000
4400,0,2000,"bu","09:04:39",177000
4400,0,100000,"sd","09:09:31",277000
4400,0,50000,"bu","09:10:41",327000
4400,0,5000,"sd","09:14:04",332000
4400,0,5000,"sd","09:14:24",337000
4400,0,21000,"sd","09:14:25",358000
4400,0,20000,"bu","09:14:46",378000
4400,0,5000,"sd","09:14:52",383000
4400,0,20000,"bu","09:14:55",403000
4400,0,20000,"bu","09:15:34",423000
4400,0,100000,"sd","09:15:43",523000
4400,0,5000,"bu","09:15:57",528000
4400,0,50000,"sd","09:16:23",578000
4400,0,49000,"sd","09:16:39",627000
4400,0,3000,"bu","09:19:15",630000
4400,0,50000,"bu","09:20:04",680000
4400,0,1000,"bu","09:21:44",681000
4400,0,100000,"bu","09:22:23",781000
4400,0,26000,"bu","09:24:37",807000
4500,100,1000,"bu","09:25:01",808000
4500,100,5000,"sd","09:27:20",813000
4400,0,10000,"sd","09:29:28",823000
4400,0,10000,"bu","09:30:59",833000
4400,0,1000,"bu","09:40:29",834000
4400,0,20000,"bu","09:43:39",854000
4400,0,10000,"sd","09:44:25",864000
4400,0,50000,"sd","09:44:30",914000
4400,0,118000,"bu","09:44:35",1032000
4400,0,100000,"bu","09:47:43",1132000
4400,0,500000,"bu","09:48:02",1632000
4400,0,40000,"sd","09:48:20",1672000
4400,0,50000,"bu","09:50:05",1722000
4400,0,1000,"sd","09:51:03",1723000
4400,0,95000,"bu","09:51:13",1818000
4400,0,1000,"sd","09:52:49",1819000
4300,-100,100000,"bu","09:53:19",1919000
4400,0,2000,"bu","09:53:41",1921000
4400,0,12000,"sd","09:53:55",1933000
4400,0,50000,"bu","09:55:34",1983000
4400,0,2000,"sd","09:56:06",1985000
4400,0,160000,"sd","09:56:30",2145000
4400,0,20000,"sd","09:57:24",2165000
4400,0,18000,"bu","09:57:32",2183000
4400,0,110000,"sd","09:58:26",2293000
4400,0,53000,"bu","09:58:33",2346000
4400,0,20000,"sd","09:58:41",2366000
4400,0,1000,"sd","09:58:44",2367000
4400,0,7000,"bu","09:59:26",2374000
4400,0,34000,"sd","09:59:30",2408000
4400,0,9000,"sd","10:00:07",2417000
4400,0,5000,"bu","10:00:11",2422000
4400,0,10000,"sd","10:00:44",2432000
4400,0,1000,"bu","10:01:13",2433000
4400,0,20000,"sd","10:02:48",2453000
4400,0,20000,"sd","10:03:38",2473000
4400,0,5000,"sd","10:03:44",2478000
4400,0,5000,"bu","10:04:30",2483000
4400,0,2000,"bu","10:05:11",2485000
4400,0,2000,"sd","10:05:48",2487000
4400,0,30000,"sd","10:09:01",2517000
4400,0,10000,"bu","10:09:20",2527000
4400,0,5000,"sd","10:09:30",2532000
4400,0,62000,"sd","10:12:20",2594000
4400,0,6000,"bu","10:12:30",2600000
4400,0,1000,"sd","10:14:52",2601000
4400,0,11000,"bu","10:17:16",2612000
4400,0,9000,"bu","10:18:38",2621000
4400,0,1000,"sd","10:21:37",2622000
4400,0,10000,"bu","10:22:44",2632000
4400,0,100000,"sd","10:28:54",2732000
4400,0,17000,"sd","10:32:19",2749000
4400,0,10000,"bu","10:33:02",2759000
4400,0,60000,"bu","10:33:33",2819000
4400,0,150000,"sd","10:34:55",2969000
4400,0,50000,"sd","10:35:12",3019000
4400,0,30000,"sd","10:37:08",3049000
4400,0,10000,"bu","10:37:24",3059000
4400,0,15000,"bu","10:41:39",3074000
4400,0,10000,"bu","10:47:02",3084000
4400,0,30000,"sd","10:50:56",3114000
4400,0,25000,"sd","10:53:47",3139000
4400,0,35000,"bu","10:57:25",3174000
4400,0,200000,"bu","10:59:35",3374000
4400,0,17000,"bu","10:59:45",3391000
4400,0,100000,"bu","10:59:58",3491000
4400,0,20000,"bu","11:00:49",3511000
4400,0,94000,"bu","11:01:30",3605000
4400,0,50000,"bu","11:04:05",3655000
4400,0,100000,"bu","11:06:10",3755000
4400,0,22000,"sd","11:06:49",3777000
4400,0,30000,"bu","11:06:58",3807000
4400,0,6000,"sd","11:08:02",3813000
4400,0,100000,"sd","11:09:32",3913000
4400,0,179000,"sd","11:10:01",4092000
4400,0,38000,"sd","11:10:22",4130000
4400,0,15000,"sd","11:11:29",4145000
4400,0,10000,"bu","11:12:57",4155000
4400,0,135000,"sd","11:15:38",4290000
4400,0,1000,"bu","11:17:30",4291000
4400,0,55000,"bu","11:20:09",4346000
4400,0,8000,"bu","11:27:29",4354000
4400,0,50000,"bu","11:27:56",4404000
4400,0,10000,"sd","11:27:57",4414000
4400,0,100000,"bu","13:00:08",4514000
4400,0,48000,"bu","13:00:10",4562000
4400,0,50000,"sd","13:06:21",4612000
4400,0,41000,"sd","13:08:04",4653000
4400,0,10000,"bu","13:11:52",4663000
4400,0,10000,"bu","13:13:02",4673000
4400,0,31000,"bu","13:13:04",4704000
4400,0,30000,"sd","13:13:27",4734000
4400,0,20000,"bu","13:14:48",4754000
4400,0,70000,"sd","13:14:51",4824000
4400,0,10000,"sd","13:15:54",4834000
4400,0,5000,"sd","13:19:03",4839000
4400,0,38000,"sd","13:20:46",4877000
4400,0,37000,"bu","13:22:33",4914000
4400,0,1000,"sd","13:23:12",4915000
4400,0,3000,"bu","13:23:50",4918000
4400,0,1000,"sd","13:26:27",4919000
4400,0,100000,"bu","13:26:48",5019000
4400,0,100000,"bu","13:27:05",5119000
4400,0,7000,"sd","13:27:43",5126000
4300,-100,1000,"bu","13:34:48",5127000
4400,0,50000,"sd","13:42:03",5177000
4400,0,19000,"sd","13:42:29",5196000
4400,0,5000,"bu","13:42:37",5201000
4400,0,27000,"sd","13:42:47",5228000
4400,0,10000,"bu","13:42:53",5238000
4400,0,13000,"sd","13:43:10",5251000
4400,0,30000,"bu","13:43:18",5281000
4400,0,56000,"sd","13:46:56",5337000
4400,0,36000,"bu","13:47:59",5373000
4400,0,11000,"bu","13:48:00",5384000
4400,0,5000,"bu","13:48:23",5389000
4400,0,21000,"sd","13:48:29",5410000
4400,0,7000,"sd","13:50:30",5417000
4400,0,3000,"bu","13:54:13",5420000
4400,0,1000,"sd","13:57:07",5421000
4400,0,4000,"sd","13:57:51",5425000
4400,0,2000,"bu","14:00:44",5427000
4400,0,2000,"sd","14:03:53",5429000
4400,0,5000,"sd","14:05:26",5434000
4400,0,11000,"sd","14:08:42",5445000
4400,0,20000,"sd","14:10:32",5465000
4400,0,3000,"bu","14:11:24",5468000
4400,0,5000,"bu","14:13:06",5473000
4400,0,1000,"bu","14:17:09",5474000
4400,0,10000,"bu","14:17:38",5484000
4400,0,4000,"sd","14:20:07",5488000
4400,0,50000,"bu","14:21:35",5538000
4400,0,10000,"sd","14:24:30",5548000
4400,0,10000,"sd","14:26:14",5558000
4400,0,12000,"bu","14:28:28",5570000
4400,0,61000,"bu","14:45:15",5631000
