"price","change","match_qtty","side","time","total_vol"
6100,-100,2000,"bu","09:00:27",2000
6100,-100,3000,"sd","09:00:31",5000
6100,-100,1000,"bu","09:00:31",5000
6200,0,31000,"bu","09:01:45",36000
6200,0,10000,"sd","09:05:13",46000
6200,0,500000,"sd","09:11:53",546000
6200,0,1000,"bu","09:12:27",547000
6200,0,100000,"bu","09:12:35",647000
6200,0,2000,"bu","09:13:20",649000
6200,0,500000,"bu","09:15:29",1149000
6200,0,50000,"sd","09:16:03",1199000
6200,0,60000,"sd","09:16:08",1259000
6200,0,116000,"sd","09:16:13",1375000
6200,0,370000,"bu","09:18:10",1745000
6200,0,10000,"bu","09:18:49",1755000
6200,0,20000,"sd","09:20:38",1775000
6200,0,224000,"bu","09:21:19",1999000
6100,-100,20000,"bu","09:26:38",2019000
6200,0,10000,"bu","09:26:42",2029000
6200,0,100000,"sd","09:28:14",2129000
6200,0,50000,"bu","09:28:27",2179000
6200,0,100000,"sd","09:28:41",2279000
6200,0,5000,"bu","09:28:45",2284000
6300,100,50000,"bu","09:29:02",2334000
6200,0,20000,"bu","09:30:08",2354000
6300,100,30000,"bu","09:30:37",2384000
6300,100,20000,"bu","09:30:45",2404000
6300,100,12000,"sd","09:30:48",2416000
6300,100,1000,"sd","09:31:47",2417000
6300,100,100000,"sd","09:32:47",2517000
6300,100,1000,"sd","09:32:56",2518000
6300,100,1000,"bu","09:33:17",2519000
6300,100,12000,"sd","09:33:35",2531000
6300,100,13000,"sd","09:33:38",2544000
6300,100,30000,"sd","09:33:42",2574000
6300,100,38000,"sd","09:35:40",2612000
6300,100,20000,"sd","09:35:44",2632000
6300,100,10000,"bu","09:35:46",2642000
6300,100,33000,"sd","09:35:50",2675000
6300,100,100000,"sd","09:36:12",2775000
6300,100,50000,"sd","09:36:21",2825000
6300,100,80000,"sd","09:36:44",2905000
6300,100,140000,"sd","09:38:17",3045000
6200,0,200000,"bu","09:38:38",3245000
6200,0,300000,"sd","09:38:56",3545000
6200,0,100000,"sd","09:39:13",3645000
6200,0,2000,"bu","09:39:20",3647000
6200,0,80000,"bu","09:39:26",3727000
6200,0,100000,"bu","09:39:44",3827000
6200,0,50000,"bu","09:39:59",3877000
6300,100,90000,"sd","09:40:09",3967000
6200,0,100000,"bu","09:42:43",4067000
6200,0,100000,"sd","09:45:49",4167000
6200,0,100000,"bu","09:46:45",4267000
6200,0,215000,"bu","09:46:46",4482000
6200,0,2000,"sd","09:46:48",4484000
6200,0,50000,"sd","09:47:48",4534000
6200,0,100000,"bu","09:48:23",4634000
6200,0,30000,"bu","09:48:31",4664000
6200,0,43000,"sd","09:48:39",4707000
6300,100,50000,"bu","09:49:26",4757000
6300,100,80000,"sd","09:49:29",4837000
6300,100,10000,"bu","09:50:30",4847000
6200,0,50000,"bu","09:50:34",4897000
6200,0,100000,"sd","09:51:12",4997000
6200,0,150000,"sd","09:51:42",5147000
6200,0,120000,"sd","09:51:55",5267000
6200,0,50000,"sd","09:52:51",5317000
6300,100,80000,"bu","09:53:16",5397000
6300,100,10000,"sd","09:53:24",5407000
6300,100,9000,"sd","09:53:26",5416000
6300,100,11000,"bu","09:53:27",5427000
6300,100,20000,"sd","09:53:31",5447000
6300,100,12000,"bu","09:53:33",5459000
6300,100,15000,"bu","09:53:35",5474000
6300,100,13000,"bu","09:53:37",5487000
6300,100,12000,"sd","09:53:40",5499000
6300,100,13000,"sd","09:53:59",5512000
6300,100,20000,"sd","09:54:02",5532000
6300,100,1000,"sd","09:54:04",5533000
6300,100,20000,"sd","09:54:06",5553000
6300,100,11000,"sd","09:54:08",5564000
6300,100,5000,"sd","09:54:10",5569000
6300,100,8000,"sd","09:54:12",5577000
6300,100,9000,"bu","09:54:14",5586000
6300,100,15000,"sd","09:54:16",5601000
6300,100,20000,"bu","09:54:18",5621000
6300,100,3000,"bu","09:54:19",5624000
6300,100,5000,"bu","09:54:23",5629000
6300,100,25000,"bu","09:54:28",5654000
6300,100,12000,"bu","09:54:30",5666000
6300,100,14000,"bu","09:54:32",5680000
6300,100,20000,"sd","09:54:36",5700000
6300,100,3000,"sd","09:54:38",5703000
6300,100,20000,"sd","09:54:40",5723000
6300,100,50000,"bu","09:54:43",5773000
6300,100,20000,"sd","09:54:46",5793000
6300,100,12000,"sd","09:54:48",5805000
6300,100,10000,"bu","09:54:50",5815000
6300,100,11000,"sd","09:54:52",5826000
6300,100,20000,"sd","09:54:54",5846000
6300,100,13000,"sd","09:54:57",5859000
6300,100,16000,"sd","09:54:59",5875000
6300,100,21000,"bu","09:55:01",5896000
6300,100,12000,"bu","09:55:03",5908000
6300,100,10000,"bu","09:55:06",5918000
6300,100,11000,"bu","09:55:08",5929000
6300,100,20000,"sd","09:55:12",5949000
6300,100,12000,"sd","09:55:17",5961000
6300,100,10000,"bu","09:55:20",5971000
6300,100,3000,"sd","09:55:22",5974000
6300,100,30000,"bu","09:55:24",6004000
6300,100,5000,"sd","09:55:27",6009000
6300,100,20000,"bu","09:55:31",6029000
6300,100,4000,"sd","09:56:30",6033000
6300,100,100000,"bu","09:56:52",6133000
6300,100,50000,"bu","10:00:55",6183000
6300,100,80000,"sd","10:01:22",6263000
6300,100,10000,"bu","10:01:40",6273000
6200,0,3000,"sd","10:04:11",6276000
6300,100,50000,"sd","10:05:20",6326000
6200,0,100000,"sd","10:07:46",6426000
6300,100,20000,"sd","10:08:01",6446000
6300,100,15000,"sd","10:08:09",6461000
6300,100,30000,"sd","10:08:11",6491000
6300,100,50000,"sd","10:08:13",6541000
6300,100,30000,"bu","10:08:43",6571000
6300,100,50000,"sd","10:08:48",6621000
6300,100,15000,"bu","10:17:54",6636000
6200,0,100000,"bu","10:17:57",6736000
6300,100,50000,"bu","10:18:33",6786000
6200,0,100000,"sd","10:19:26",6886000
6200,0,50000,"bu","10:21:21",6936000
6300,100,20000,"sd","10:22:07",6956000
6300,100,10000,"sd","10:22:10",6966000
6300,100,12000,"sd","10:22:12",6978000
6300,100,30000,"sd","10:22:17",7008000
6300,100,20000,"sd","10:23:20",7028000
6300,100,15000,"sd","10:23:27",7043000
6300,100,20000,"bu","10:23:36",7063000
6300,100,50000,"bu","10:24:08",7113000
6300,100,60000,"sd","10:25:27",7173000
6300,100,680000,"sd","10:25:43",7853000
6300,100,50000,"bu","10:26:01",7903000
6300,100,100000,"sd","10:26:14",8003000
6300,100,200000,"sd","10:26:48",8203000
6300,100,27000,"sd","10:26:51",8230000
6300,100,4000,"bu","10:27:07",8234000
6300,100,50000,"sd","10:27:18",8284000
6300,100,150000,"bu","10:27:44",8434000
6300,100,50000,"bu","10:27:54",8484000
6300,100,10000,"bu","10:28:33",8494000
6300,100,1000,"bu","10:29:05",8495000
6300,100,12000,"sd","10:29:16",8507000
6300,100,3000,"bu","10:30:01",8510000
6300,100,35000,"bu","10:30:38",8545000
6300,100,10000,"bu","10:31:07",8555000
6300,100,15000,"sd","10:31:10",8570000
6300,100,16000,"bu","10:31:15",8586000
6300,100,18000,"bu","10:31:17",8604000
6300,100,41000,"sd","10:31:25",8645000
6300,100,10000,"sd","10:31:43",8655000
6300,100,200000,"sd","10:31:45",8855000
6300,100,500000,"sd","10:31:51",9355000
6300,100,21000,"bu","10:31:52",9376000
6300,100,37000,"bu","10:31:53",9413000
6300,100,7000,"sd","10:32:00",9420000
6300,100,100000,"sd","10:32:16",9520000
6300,100,14000,"sd","10:32:29",9534000
6300,100,20000,"sd","10:32:48",9554000
6300,100,95000,"sd","10:32:54",9649000
6300,100,30000,"bu","10:33:07",9679000
6300,100,2000,"sd","10:33:49",9681000
6300,100,50000,"sd","10:33:51",9731000
6300,100,7000,"bu","10:34:12",9738000
6300,100,10000,"bu","10:34:15",9748000
6300,100,20000,"sd","10:35:27",9768000
6300,100,50000,"sd","10:36:00",9818000
6300,100,3000,"bu","10:36:05",9821000
6300,100,7000,"bu","10:36:18",9828000
6200,0,1000,"bu","10:37:20",9829000
6300,100,20000,"sd","10:37:37",9849000
6300,100,10000,"bu","10:40:26",9859000
6300,100,1000,"bu","10:46:37",9860000
6200,0,100000,"bu","10:54:57",9960000
6200,0,35000,"bu","10:56:54",9995000
6200,0,70000,"bu","10:57:06",10065000
6200,0,200000,"sd","10:57:57",10265000
6200,0,10000,"sd","10:58:07",10275000
6200,0,57000,"sd","10:58:35",10332000
6200,0,300000,"bu","10:58:43",10632000
6200,0,343000,"bu","10:58:53",10975000
6200,0,50000,"sd","11:00:41",11025000
6200,0,20000,"bu","11:01:25",11045000
6200,0,4000,"bu","11:01:41",11049000
6200,0,10000,"bu","11:01:43",11059000
6200,0,1000,"sd","11:01:49",11060000
6200,0,124000,"bu","11:02:02",11184000
6200,0,20000,"bu","11:02:28",11204000
6200,0,1000,"bu","11:02:38",11205000
6200,0,10000,"bu","11:03:39",11215000
6200,0,300000,"sd","11:04:15",11515000
6200,0,5000,"sd","11:05:15",11520000
6200,0,2000,"sd","11:07:31",11522000
6200,0,20000,"bu","11:08:57",11542000
6200,0,5000,"sd","11:11:27",11547000
6200,0,17000,"sd","11:15:09",11564000
6200,0,3000,"bu","11:19:34",11567000
6200,0,3000,"sd","11:21:23",11570000
6200,0,5000,"sd","11:22:13",11575000
6200,0,3000,"sd","11:25:04",11578000
6200,0,14000,"sd","11:27:33",11592000
6200,0,1000,"sd","11:27:38",11593000
6200,0,9000,"sd","11:27:57",11602000
6200,0,6000,"sd","13:00:07",11608000
6200,0,10000,"sd","13:00:11",11618000
6200,0,45000,"bu","13:01:11",11663000
6200,0,1000,"sd","13:03:29",11664000
6200,0,34000,"sd","13:08:37",11698000
6200,0,6000,"bu","13:09:40",11704000
6200,0,100000,"bu","13:14:25",11804000
6200,0,269000,"bu","13:14:38",12073000
6200,0,117000,"bu","13:18:04",12190000
6200,0,1000,"sd","13:18:30",12191000
6200,0,30000,"sd","13:18:47",12221000
6200,0,1000,"sd","13:18:51",12222000
6200,0,10000,"bu","13:19:21",12232000
6200,0,3000,"sd","13:21:25",12235000
6200,0,19000,"sd","13:21:48",12254000
6200,0,20000,"bu","13:22:19",12274000
6200,0,99000,"sd","13:23:08",12373000
6200,0,5000,"bu","13:24:02",12378000
6200,0,4000,"sd","13:24:31",12382000
6200,0,2000,"sd","13:25:44",12384000
6200,0,2000,"bu","13:25:44",12384000
6200,0,10000,"bu","13:26:36",12394000
6200,0,300000,"bu","13:27:33",12694000
6200,0,20000,"bu","13:27:44",12714000
6200,0,30000,"sd","13:28:08",12744000
6200,0,20000,"sd","13:30:52",12764000
6200,0,10000,"bu","13:31:55",12774000
6200,0,5000,"sd","13:32:39",12779000
6200,0,10000,"sd","13:33:14",12789000
6200,0,16000,"sd","13:33:17",12805000
6200,0,10000,"bu","13:33:24",12815000
6200,0,50000,"bu","13:33:31",12865000
6200,0,71000,"bu","13:33:44",12936000
6200,0,29000,"sd","13:34:10",12965000
6200,0,90000,"sd","13:34:13",13055000
6200,0,1000,"bu","13:35:38",13056000
6200,0,50000,"sd","13:36:26",13106000
6200,0,30000,"bu","13:36:41",13136000
6200,0,150000,"bu","13:36:53",13286000
6200,0,5000,"sd","13:37:40",13291000
6300,100,4000,"bu","13:39:39",13295000
6300,100,20000,"sd","13:40:48",13315000
6300,100,12000,"sd","13:40:55",13327000
6300,100,10000,"sd","13:41:00",13337000
6300,100,50000,"sd","13:41:14",13387000
6200,0,10000,"sd","13:45:55",13397000
6200,0,6000,"sd","13:46:31",13403000
6200,0,3000,"sd","13:49:01",13406000
6300,100,300000,"bu","13:51:57",13706000
6300,100,1000,"sd","13:53:44",13707000
6200,0,20000,"sd","13:56:42",13727000
6300,100,100000,"bu","14:00:24",13827000
6300,100,30000,"bu","14:01:53",13857000
6300,100,10000,"bu","14:02:03",13867000
6300,100,50000,"bu","14:02:08",13917000
6300,100,20000,"bu","14:02:13",13937000
6300,100,50000,"sd","14:02:47",13987000
6300,100,30000,"sd","14:02:53",14017000
6300,100,25000,"bu","14:02:56",14042000
6300,100,27000,"bu","14:02:59",14069000
6300,100,225000,"sd","14:03:12",14294000
6300,100,85000,"bu","14:03:30",14379000
6300,100,55000,"sd","14:03:37",14434000
6300,100,45000,"sd","14:03:45",14479000
6300,100,35000,"bu","14:03:49",14514000
6300,100,50000,"bu","14:03:59",14564000
6300,100,500000,"sd","14:04:02",15064000
6300,100,60000,"sd","14:04:12",15124000
6300,100,40000,"sd","14:04:14",15164000
6300,100,30000,"sd","14:04:24",15194000
6300,100,50000,"sd","14:05:10",15244000
6300,100,10000,"sd","14:05:21",15254000
6300,100,100000,"sd","14:05:26",15354000
6300,100,200000,"bu","14:05:40",15554000
6300,100,50000,"bu","14:05:53",15604000
6300,100,30000,"bu","14:05:59",15634000
6300,100,38000,"bu","14:06:00",15672000
6300,100,200000,"bu","14:06:08",15872000
6300,100,20000,"bu","14:06:09",15892000
6300,100,38000,"sd","14:06:13",15930000
6300,100,10000,"sd","14:06:14",15940000
6300,100,5000,"bu","14:06:18",15945000
6300,100,1000,"bu","14:06:19",15946000
6300,100,6000,"sd","14:06:23",15952000
6300,100,81000,"sd","14:06:28",16033000
6300,100,130000,"bu","14:06:32",16163000
6300,100,11000,"bu","14:06:38",16174000
6300,100,50000,"sd","14:06:55",16224000
6300,100,19000,"bu","14:06:59",16243000
6300,100,8000,"bu","14:07:25",16251000
6300,100,93000,"bu","14:07:32",16344000
6300,100,35000,"sd","14:07:36",16379000
6300,100,150000,"bu","14:07:38",16529000
6300,100,15000,"bu","14:07:48",16544000
6300,100,25000,"sd","14:07:51",16569000
6300,100,11000,"sd","14:07:57",16580000
6300,100,20000,"bu","14:08:02",16600000
6300,100,151000,"bu","14:08:27",16751000
6300,100,100000,"bu","14:09:14",16851000
6300,100,9000,"sd","14:10:08",16860000
6300,100,13000,"bu","14:10:36",16873000
6300,100,87000,"bu","14:10:38",16960000
6300,100,13000,"sd","14:10:45",16973000
6300,100,16000,"sd","14:10:47",16989000
6300,100,1000,"sd","14:10:52",16990000
6300,100,11000,"bu","14:11:29",17001000
6300,100,9000,"sd","14:11:35",17010000
6300,100,2000,"sd","14:11:47",17012000
6300,100,2000,"sd","14:12:01",17014000
6300,100,5000,"sd","14:12:09",17019000
6300,100,19000,"sd","14:12:56",17038000
6300,100,35000,"bu","14:14:01",17073000
6300,100,5000,"sd","14:16:37",17078000
6300,100,5000,"bu","14:18:27",17083000
6300,100,200000,"sd","14:23:33",17283000
6300,100,50000,"bu","14:23:41",17333000
6300,100,20000,"bu","14:23:47",17353000
6300,100,15000,"sd","14:23:50",17368000
6300,100,25000,"sd","14:23:54",17393000
6300,100,16000,"sd","14:23:58",17409000
6300,100,20000,"bu","14:24:03",17429000
6300,100,18000,"sd","14:24:07",17447000
6300,100,20000,"bu","14:24:13",17467000
6300,100,10000,"sd","14:25:03",17477000
6300,100,50000,"bu","14:27:10",17527000
6300,100,20000,"sd","14:27:46",17547000
6300,100,30000,"bu","14:27:50",17577000
6300,100,100000,"sd","14:28:11",17677000
6300,100,54000,"bu","14:29:44",17731000
6300,100,49000,"bu","14:29:51",17780000
6300,100,898000,"sd","14:45:15",18678000
6300,100,50000,"bu","14:59:07",18728000
6300,100,20000,"bu","14:59:49",18748000
