"price","change","match_qtty","side","time","total_vol"
17050,200,124800,"sd","09:15:05",124800
17000,150,400,"bu","09:15:10",125200
17050,200,2400,"sd","09:15:12",127600
17050,200,2400,"sd","09:15:45",130000
17000,150,2000,"sd","09:15:47",132000
17000,150,500,"sd","09:15:56",132500
17050,200,300,"sd","09:15:57",132800
17050,200,100,"bu","09:16:05",132900
17050,200,1800,"bu","09:16:22",134700
17050,200,9500,"sd","09:16:28",154700
17050,200,15000,"bu","09:16:35",169700
17050,200,800,"sd","09:16:35",170500
17000,150,400,"bu","09:16:38",170900
17050,200,200,"bu","09:16:38",171100
17050,200,300,"sd","09:16:38",171400
17050,200,4700,"sd","09:16:39",176100
17050,200,3000,"bu","09:16:41",179100
17050,200,1200,"bu","09:16:43",180300
17050,200,4000,"bu","09:16:44",184300
17050,200,200,"bu","09:16:46",184500
17050,200,5000,"bu","09:16:48",189500
17050,200,1500,"bu","09:16:50",191000
17050,200,7000,"sd","09:16:51",198000
17050,200,5700,"bu","09:16:52",203700
17050,200,2000,"bu","09:16:53",205700
17050,200,5000,"bu","09:16:54",210700
17050,200,5000,"sd","09:16:56",215700
17050,200,600,"sd","09:16:59",216300
17050,200,1000,"bu","09:17:01",217300
17050,200,2100,"bu","09:17:02",219400
17050,200,100,"sd","09:17:02",219500
17050,200,400,"sd","09:17:04",219900
17050,200,700,"bu","09:17:04",220600
17050,200,3500,"bu","09:17:05",224100
17050,200,1000,"bu","09:17:06",225100
17050,200,5200,"sd","09:17:09",230300
17050,200,10000,"bu","09:17:14",240300
17050,200,3000,"bu","09:17:19",243300
17050,200,5700,"bu","09:17:20",249000
17050,200,300,"sd","09:17:21",249300
17050,200,1300,"sd","09:17:23",250600
17050,200,100,"sd","09:17:28",250700
17050,200,5000,"bu","09:17:31",255700
17100,250,99800,"sd","09:17:33",355500
17100,250,200,"sd","09:17:33",355700
17050,200,5000,"sd","09:17:44",360700
17100,250,6000,"bu","09:17:50",366700
17100,250,800,"bu","09:17:54",367500
17100,250,100,"sd","09:17:56",367600
17050,200,7000,"bu","09:17:58",374600
17100,250,10000,"bu","09:18:04",384600
17100,250,200,"bu","09:18:05",384800
17100,250,10000,"bu","09:18:11",394800
17100,250,2000,"bu","09:18:19",396800
17100,250,3000,"bu","09:18:22",399800
17100,250,200,"bu","09:18:30",400000
17100,250,500,"bu","09:18:38",400500
17100,250,2000,"sd","09:18:40",402500
17100,250,2800,"bu","09:18:47",405300
17100,250,1100,"bu","09:18:56",406400
17100,250,1000,"bu","09:18:58",407400
17100,250,2800,"bu","09:18:59",410200
17050,200,500,"sd","09:19:03",410700
17100,250,2300,"bu","09:19:10",413000
17050,200,1000,"bu","09:19:13",414000
17050,200,200,"bu","09:19:14",414200
17100,250,1000,"sd","09:19:14",415200
17050,200,100,"sd","09:19:18",415300
17100,250,5300,"sd","09:19:28",420600
17050,200,2000,"sd","09:19:29",422600
17050,200,10000,"sd","09:19:37",432600
17050,200,500,"bu","09:19:38",433100
17050,200,200,"sd","09:19:44",433300
17050,200,8000,"bu","09:19:48",441300
17050,200,100,"sd","09:19:55",441400
17100,250,10000,"sd","09:20:00",451400
17050,200,2000,"sd","09:20:01",453400
17050,200,2200,"sd","09:20:02",455600
17050,200,500,"sd","09:20:03",456100
17050,200,3800,"bu","09:20:13",459900
17050,200,3000,"sd","09:20:14",462900
17050,200,4000,"sd","09:20:16",466900
17050,200,2500,"sd","09:20:17",469400
17100,250,5000,"bu","09:20:19",474400
17050,200,200,"sd","09:20:20",474600
17050,200,100,"sd","09:20:20",474700
17050,200,5000,"sd","09:20:21",479700
17050,200,500,"sd","09:20:23",480200
17050,200,1100,"bu","09:20:29",481300
17050,200,500,"sd","09:20:32",481800
17050,200,6500,"sd","09:20:36",488300
17050,200,500,"sd","09:20:40",488800
17050,200,1000,"sd","09:20:49",489800
17050,200,3000,"sd","09:20:55",492800
17050,200,300,"sd","09:21:01",493100
17050,200,9200,"bu","09:21:02",502300
17050,200,2400,"sd","09:21:07",512300
17050,200,5000,"sd","09:21:10",517300
17050,200,1900,"sd","09:21:11",519200
17050,200,1000,"bu","09:21:16",520200
17050,200,10000,"bu","09:21:18",530200
17050,200,200,"sd","09:21:18",530400
17050,200,10200,"bu","09:21:24",540600
17050,200,1500,"sd","09:21:26",542100
17050,200,200,"bu","09:21:27",542300
17050,200,2000,"bu","09:21:29",544300
17050,200,16000,"sd","09:21:30",560300
17050,200,100,"sd","09:21:31",560400
17050,200,12300,"sd","09:21:32",572700
17050,200,700,"sd","09:21:36",573400
17050,200,10000,"bu","09:21:38",600700
17050,200,1000,"sd","09:21:38",601700
17050,200,15700,"bu","09:21:40",617400
17050,200,1000,"sd","09:21:40",618400
17050,200,200,"sd","09:21:52",618600
17050,200,500,"sd","09:21:53",619100
17050,200,5000,"sd","09:21:54",624100
17050,200,200,"bu","09:21:58",624300
17050,200,2500,"sd","09:22:00",626800
17050,200,1000,"bu","09:22:06",628800
17050,200,5800,"sd","09:22:09",634600
17050,200,6100,"sd","09:22:22",640700
17050,200,700,"sd","09:22:33",641400
17050,200,900,"sd","09:22:36",642300
17050,200,300,"sd","09:22:38",642600
17050,200,100,"bu","09:22:49",642700
17050,200,500,"bu","09:23:05",643200
17050,200,20000,"sd","09:23:07",663200
17000,150,500,"sd","09:23:33",663700
17050,200,2000,"sd","09:23:41",665700
17050,200,3100,"bu","09:23:56",668800
17050,200,1000,"bu","09:24:02",669800
17050,200,400,"sd","09:24:06",670200
17050,200,200,"sd","09:24:08",670400
17050,200,1300,"bu","09:24:19",671700
17050,200,5000,"sd","09:24:20",676700
17050,200,800,"sd","09:24:25",677500
17000,150,1000,"sd","09:24:27",678500
17050,200,1000,"bu","09:24:39",679500
17050,200,30000,"sd","09:24:44",709500
17050,200,200,"sd","09:24:46",709700
17050,200,4500,"bu","09:24:49",714200
17000,150,6000,"sd","09:24:49",720200
17050,200,100,"bu","09:24:51",720300
17050,200,200,"bu","09:24:52",720500
17050,200,1200,"bu","09:24:53",721700
17000,150,100,"sd","09:24:57",721800
17050,200,5900,"sd","09:25:02",727700
17050,200,11000,"sd","09:25:14",738700
17050,200,2000,"sd","09:25:15",740700
17000,150,300,"sd","09:25:18",741000
17050,200,3000,"bu","09:25:20",744000
17050,200,1900,"sd","09:25:21",745900
17050,200,10000,"bu","09:25:31",755900
17050,200,100,"bu","09:25:31",756000
17050,200,2000,"bu","09:25:32",758000
17050,200,500,"sd","09:25:34",758500
17050,200,2000,"bu","09:25:53",760500
17050,200,100,"sd","09:26:11",760600
17050,200,500,"sd","09:26:18",761100
17050,200,1300,"sd","09:26:22",762400
17000,150,500,"sd","09:26:25",762900
17050,200,400,"bu","09:26:26",763300
17000,150,5000,"bu","09:26:31",768300
17050,200,4300,"bu","09:26:37",772600
17000,150,900,"sd","09:26:46",773500
17050,200,200,"bu","09:26:48",773700
17050,200,5000,"bu","09:26:48",778700
17050,200,500,"sd","09:26:53",779200
17050,200,5000,"bu","09:26:55",784200
17000,150,5000,"sd","09:26:58",789200
17050,200,1200,"sd","09:26:59",790400
17000,150,100,"bu","09:27:00",790500
17050,200,5000,"sd","09:27:01",795500
17000,150,100,"sd","09:27:07",795600
17000,150,600,"bu","09:27:30",796200
17000,150,500,"sd","09:27:40",796700
17000,150,300,"sd","09:27:42",797000
17050,200,4100,"sd","09:27:44",801100
17000,150,2500,"sd","09:27:50",803600
17050,200,6900,"bu","09:27:56",823600
17050,200,2000,"bu","09:28:00",825600
17050,200,200,"bu","09:28:01",825800
17050,200,7200,"bu","09:28:05",833000
17050,200,5600,"sd","09:28:07",838600
17050,200,5000,"sd","09:28:14",843600
17050,200,200,"sd","09:28:15",843800
17050,200,2300,"sd","09:28:16",846100
17050,200,5000,"bu","09:28:17",851100
17050,200,5100,"bu","09:28:20",856200
17050,200,3000,"bu","09:28:23",859200
17050,200,5000,"sd","09:28:24",864200
17050,200,2000,"sd","09:28:25",866200
17050,200,8800,"sd","09:28:26",875000
17050,200,30500,"bu","09:28:27",905500
17050,200,900,"sd","09:28:29",910500
17050,200,4300,"bu","09:28:30",914800
17050,200,1500,"bu","09:28:33",916300
17050,200,1000,"bu","09:28:34",917300
17050,200,2000,"bu","09:28:52",919300
17050,200,600,"bu","09:28:55",919900
17050,200,1900,"sd","09:28:56",921800
17050,200,100,"bu","09:28:57",921900
17050,200,200,"bu","09:29:04",922100
17050,200,500,"sd","09:29:10",922600
17050,200,1400,"bu","09:29:11",924000
17050,200,2000,"bu","09:29:15",926000
17050,200,1000,"bu","09:29:18",927000
17050,200,1300,"sd","09:29:22",928300
17100,250,500,"sd","09:29:26",928800
17050,200,100,"bu","09:29:31",928900
17050,200,1300,"bu","09:29:32",930200
17100,250,200,"bu","09:29:38",930400
17050,200,41400,"sd","09:29:41",971800
17050,200,100,"bu","09:29:48",971900
17050,200,1000,"sd","09:29:58",972900
17050,200,1000,"bu","09:30:00",973900
17100,250,100,"sd","09:30:05",974000
17050,200,31300,"sd","09:30:07",1005300
17050,200,8500,"sd","09:30:20",1013800
17100,250,300000,"sd","09:30:27",1313800
17050,200,300,"bu","09:30:31",1314100
17100,250,600,"bu","09:30:33",1314700
17100,250,10000,"bu","09:30:41",1324700
17100,250,3000,"sd","09:30:50",1327700
17100,250,100,"sd","09:30:52",1327800
17100,250,30000,"sd","09:30:54",1357800
17100,250,2000,"sd","09:31:25",1359800
17100,250,4700,"bu","09:31:27",1364500
17100,250,200,"bu","09:31:29",1364700
17100,250,800,"bu","09:31:33",1365500
17100,250,10800,"bu","09:31:35",1376300
17100,250,2000,"bu","09:31:47",1378300
17100,250,1500,"sd","09:31:49",1379800
17050,200,2000,"bu","09:31:51",1381800
17100,250,2300,"sd","09:31:55",1384100
17100,250,600,"bu","09:31:57",1384700
17050,200,500,"bu","09:32:01",1385200
17100,250,100,"sd","09:32:08",1385300
17050,200,500,"sd","09:32:17",1385800
17050,200,1500,"sd","09:32:24",1387300
17050,200,200,"sd","09:32:33",1387500
17050,200,700,"bu","09:32:34",1388200
17050,200,500,"bu","09:32:41",1388700
17050,200,600,"bu","09:32:51",1389300
17050,200,15800,"sd","09:33:03",1405100
17100,250,100,"sd","09:33:05",1405200
17050,200,3000,"bu","09:33:15",1408200
17100,250,1700,"sd","09:33:19",1409900
17050,200,500,"sd","09:33:22",1410400
17050,200,2000,"bu","09:33:26",1412400
17050,200,100,"sd","09:33:44",1412500
17050,200,300,"sd","09:33:45",1412800
17100,250,300,"sd","09:33:51",1413100
17050,200,2200,"bu","09:33:59",1415300
17050,200,1000,"bu","09:34:01",1416300
17100,250,1500,"bu","09:34:14",1417800
17100,250,500,"bu","09:34:21",1418800
17050,200,200,"bu","09:34:30",1419000
17100,250,100,"sd","09:34:50",1419100
17100,250,300,"sd","09:34:53",1419400
17100,250,1300,"sd","09:34:58",1420700
17100,250,2000,"bu","09:35:02",1422700
17050,200,200,"sd","09:35:06",1422900
17050,200,500,"sd","09:35:07",1423400
17100,250,1000,"bu","09:35:09",1424400
17050,200,2100,"sd","09:35:11",1426500
17050,200,17900,"bu","09:35:11",1444400
17050,200,1500,"sd","09:35:25",1445900
17050,200,1000,"bu","09:35:27",1446900
17050,200,1500,"sd","09:35:40",1448400
17050,200,700,"sd","09:35:47",1449100
17050,200,3400,"bu","09:35:48",1452500
17050,200,200,"sd","09:35:56",1452700
17050,200,500,"sd","09:35:57",1453200
17100,250,200,"sd","09:35:58",1453400
17050,200,200,"bu","09:36:01",1453600
17100,250,500,"bu","09:36:10",1454100
17050,200,500,"bu","09:36:12",1454600
17050,200,1000,"sd","09:36:14",1455600
17050,200,3300,"sd","09:36:18",1458900
17050,200,2600,"sd","09:36:27",1462400
17050,200,200,"sd","09:36:29",1462600
17050,200,500,"bu","09:36:31",1463100
17050,200,200,"bu","09:36:35",1463300
17050,200,3100,"bu","09:36:36",1466400
17050,200,2500,"bu","09:36:37",1468900
17100,250,500,"sd","09:36:39",1469400
17050,200,1000,"sd","09:36:43",1470400
17050,200,17000,"sd","09:36:48",1487400
17100,250,400,"sd","09:36:53",1487800
17050,200,200,"sd","09:37:12",1488000
17100,250,10400,"bu","09:37:51",1498400
17050,200,6900,"bu","09:37:59",1505300
17100,250,500,"bu","09:38:00",1505800
17100,250,2300,"sd","09:38:06",1508100
17050,200,12000,"bu","09:38:17",1520100
17050,200,5100,"bu","09:38:25",1525200
17100,250,11000,"sd","09:38:32",1536200
17050,200,1000,"sd","09:38:33",1537200
17050,200,200,"sd","09:38:34",1537400
17050,200,2700,"bu","09:38:38",1540100
17050,200,1000,"sd","09:38:52",1541100
17050,200,300,"bu","09:38:55",1541400
17050,200,1500,"sd","09:38:59",1542900
17050,200,100,"bu","09:39:00",1543000
17050,200,600,"sd","09:39:25",1543600
17050,200,2500,"sd","09:39:37",1546100
17050,200,200,"bu","09:39:41",1546300
17050,200,100,"bu","09:39:42",1546400
17050,200,200,"bu","09:39:46",1546600
17050,200,200,"sd","09:39:51",1546800
17050,200,13100,"bu","09:39:56",1559900
17050,200,14000,"bu","09:39:58",1573900
17050,200,100,"sd","09:40:00",1574000
17050,200,162200,"bu","09:40:18",1736200
17050,200,5000,"sd","09:40:22",1741200
17050,200,2000,"sd","09:40:28",1743200
17050,200,2200,"bu","09:40:29",1745400
17050,200,2500,"bu","09:40:30",1747900
17050,200,200,"sd","09:40:31",1748100
17050,200,500,"sd","09:40:34",1748600
17050,200,1000,"sd","09:40:36",1749600
17050,200,3500,"sd","09:40:37",1753100
17050,200,700,"sd","09:40:38",1753800
17050,200,900,"sd","09:40:38",1754700
17050,200,1200,"sd","09:40:40",1755900
17050,200,2000,"bu","09:40:43",1765900
17050,200,6000,"sd","09:40:47",1771900
17050,200,1000,"bu","09:40:53",1772900
17050,200,200,"sd","09:40:54",1773100
17050,200,5200,"sd","09:41:04",1778300
17050,200,3000,"bu","09:41:05",1781300
17050,200,500,"sd","09:41:07",1781800
17050,200,1500,"bu","09:41:09",1783300
17050,200,1500,"bu","09:41:10",1784800
17050,200,10500,"bu","09:41:12",1795300
17050,200,2000,"bu","09:41:13",1797300
17050,200,200,"bu","09:41:15",1797500
17050,200,2000,"bu","09:41:16",1799500
17050,200,5000,"sd","09:41:19",1804500
17050,200,3000,"bu","09:41:21",1807500
17000,150,80000,"bu","09:41:22",1887500
17050,200,500,"sd","09:41:38",1888000
17050,200,600,"sd","09:41:39",1888600
17100,250,2200,"bu","09:41:41",1890800
17050,200,700,"sd","09:41:44",1891500
17000,150,300,"sd","09:41:47",1891800
17050,200,700,"bu","09:42:01",1892500
17000,150,3000,"sd","09:42:06",1895500
17000,150,2500,"sd","09:42:41",1898000
17000,150,10000,"bu","09:42:47",1908000
17000,150,500,"sd","09:42:51",1908500
17050,200,1000,"bu","09:42:52",1909500
17000,150,200,"sd","09:42:54",1909700
17050,200,1000,"bu","09:43:11",1910700
17050,200,10000,"bu","09:43:22",1920700
17000,150,1400,"sd","09:43:33",1922100
17000,150,6500,"sd","09:44:17",1928600
17000,150,10000,"sd","09:44:18",1938600
17000,150,1000,"sd","09:44:24",1939600
17000,150,800,"bu","09:44:32",1940400
17050,200,4100,"bu","09:44:45",1944500
17000,150,4100,"bu","09:44:57",1948600
17000,150,200,"bu","09:44:58",1948800
17000,150,1500,"sd","09:45:12",1950300
17000,150,2000,"sd","09:45:13",1952300
17000,150,2000,"bu","09:45:22",1954300
17000,150,50000,"bu","09:45:23",2004300
17000,150,1100,"sd","09:45:25",2007300
17050,200,26100,"bu","09:45:48",2033400
17050,200,200,"bu","09:45:49",2033600
17000,150,12700,"sd","09:46:01",2046300
17000,150,5000,"sd","09:46:03",2051300
17000,150,20000,"sd","09:46:07",2071300
17000,150,2000,"bu","09:46:19",2073300
17050,200,2400,"sd","09:46:23",2075700
17000,150,3300,"sd","09:46:30",2079000
17000,150,700,"bu","09:46:32",2079700
17000,150,1800,"sd","09:46:34",2081500
17000,150,3500,"sd","09:46:39",2085000
17000,150,100,"sd","09:46:53",2085100
17000,150,50000,"bu","09:46:58",2135100
17000,150,700,"sd","09:47:00",2135800
17000,150,2000,"bu","09:47:13",2137800
17000,150,500,"sd","09:47:17",2138300
17000,150,100,"bu","09:47:26",2138400
17000,150,10000,"sd","09:47:33",2148400
17000,150,2000,"bu","09:47:34",2150400
17000,150,10000,"sd","09:47:37",2160400
17000,150,200,"sd","09:47:45",2160600
17000,150,300,"sd","09:47:47",2160900
17000,150,1000,"bu","09:47:48",2161900
17000,150,300,"sd","09:47:51",2162200
17000,150,1000,"bu","09:47:55",2163200
17000,150,2000,"sd","09:47:56",2165200
17000,150,4400,"sd","09:48:05",2169600
17050,200,100,"bu","09:48:12",2169700
17000,150,500,"sd","09:48:15",2170200
17000,150,100,"sd","09:48:21",2170300
17000,150,500,"sd","09:48:23",2170800
17050,200,100,"sd","09:48:37",2170900
17000,150,2100,"sd","09:48:43",2173000
17000,150,2300,"bu","09:48:59",2175300
17000,150,110400,"bu","09:49:11",2285700
17000,150,6000,"bu","09:49:13",2291700
17000,150,1000,"bu","09:49:16",2292700
17000,150,5000,"sd","09:49:17",2297700
17000,150,3000,"sd","09:49:21",2300700
17000,150,1000,"sd","09:49:21",2301700
17000,150,600,"bu","09:49:26",2302300
17000,150,4000,"sd","09:49:29",2306300
17000,150,1000,"sd","09:49:34",2307300
17000,150,3300,"sd","09:49:35",2310600
17000,150,2000,"sd","09:49:43",2312600
17000,150,3000,"sd","09:49:51",2315600
17000,150,200,"bu","09:49:54",2315800
17000,150,500,"sd","09:49:55",2316300
17000,150,9300,"sd","09:50:04",2325600
17000,150,2100,"bu","09:50:05",2327700
17000,150,2000,"bu","09:50:06",2329700
17000,150,3000,"bu","09:50:15",2332700
17000,150,9500,"sd","09:50:16",2342200
17000,150,15200,"sd","09:50:21",2357400
17000,150,600,"sd","09:50:23",2358000
17000,150,3000,"bu","09:50:28",2361000
17000,150,1900,"sd","09:50:32",2362900
17000,150,100,"bu","09:50:39",2363000
17000,150,4000,"sd","09:50:41",2367000
17000,150,23000,"bu","09:50:42",2390000
17000,150,1100,"bu","09:50:45",2391100
17000,150,500,"bu","09:50:47",2391600
17000,150,5000,"bu","09:50:48",2396600
17000,150,200,"bu","09:50:56",2396800
17000,150,5000,"sd","09:51:10",2401800
17000,150,300,"bu","09:51:15",2402100
17050,200,2000,"sd","09:51:20",2404100
17050,200,31800,"bu","09:51:21",2435900
17050,200,98000,"sd","09:51:22",2533900
17050,200,600,"bu","09:51:23",2535100
17050,200,14100,"sd","09:51:24",2549200
17050,200,95900,"bu","09:51:25",2645100
17050,200,5800,"sd","09:51:29",2650900
17050,200,500,"sd","09:51:36",2651400
17050,200,700,"sd","09:51:38",2652100
17050,200,2300,"bu","09:51:42",2654400
17050,200,500,"bu","09:51:43",2654900
17050,200,7000,"sd","09:51:49",2661900
17050,200,200,"bu","09:51:55",2662100
17050,200,100,"bu","09:51:56",2662200
17050,200,1000,"sd","09:52:01",2663200
17100,250,100,"sd","09:52:07",2663300
17100,250,4700,"bu","09:52:08",2668000
17050,200,1900,"bu","09:52:10",2669900
17050,200,300,"sd","09:52:11",2670200
17050,200,3000,"bu","09:52:20",2673200
17050,200,100,"sd","09:52:25",2673300
17100,250,591500,"bu","09:52:27",3264800
17100,250,500,"sd","09:52:28",3332000
17100,250,100,"sd","09:52:29",3332100
17150,300,5000,"bu","09:52:39",3337100
17100,250,2000,"bu","09:52:44",3339100
17100,250,900,"bu","09:52:44",3340000
17150,300,5000,"bu","09:52:47",3345000
17100,250,11400,"bu","09:52:48",3356400
17150,300,4000,"sd","09:52:49",3360400
17150,300,1000,"bu","09:52:55",3361400
17150,300,2000,"sd","09:52:56",3363400
17150,300,1100,"sd","09:53:00",3364500
17150,300,1000,"sd","09:53:01",3365500
17150,300,3000,"bu","09:53:02",3368500
17150,300,500,"bu","09:53:03",3369000
17150,300,115000,"sd","09:53:04",3484000
17150,300,65000,"bu","09:53:05",3549000
17150,300,100,"sd","09:53:08",3551600
17150,300,36400,"bu","09:53:09",3588000
17150,300,5000,"sd","09:53:11",3593000
17150,300,11000,"bu","09:53:13",3604000
17150,300,18400,"bu","09:53:15",3622400
17150,300,21000,"sd","09:53:16",3643400
17150,300,4400,"bu","09:53:17",3653400
17150,300,131600,"bu","09:53:18",3785000
17150,300,1500,"sd","09:53:23",3786500
17150,300,100,"bu","09:53:25",3786600
17200,350,5000,"bu","09:53:25",3791600
17150,300,100,"bu","09:53:27",3791700
17150,300,900,"sd","09:53:30",3792600
17200,350,1600,"sd","09:53:34",3794200
17150,300,3000,"sd","09:53:35",3797200
17200,350,300000,"sd","09:53:38",4097200
17200,350,29000,"sd","09:53:41",4126200
17200,350,10000,"sd","09:53:42",4136200
17200,350,1700,"bu","09:53:46",4137900
17200,350,37000,"sd","09:53:47",4174900
17200,350,1100,"bu","09:53:48",4176000
17200,350,36300,"sd","09:53:50",4212300
17200,350,400,"bu","09:53:51",4225800
17200,350,10000,"sd","09:53:51",4235800
17200,350,1000,"bu","09:53:52",4236800
17200,350,2600,"bu","09:53:53",4239400
17200,350,4600,"bu","09:53:55",4244000
17200,350,800,"bu","09:53:56",4257900
17200,350,1700,"sd","09:53:57",4268900
17200,350,39500,"bu","09:53:58",4308400
17200,350,5000,"sd","09:54:00",4313400
17200,350,20600,"bu","09:54:01",4334000
17200,350,2500,"bu","09:54:02",4336500
17200,350,112800,"bu","09:54:03",4449300
17200,350,18500,"sd","09:54:04",4467800
17200,350,1000,"sd","09:54:05",4469300
17200,350,7500,"sd","09:54:06",4476800
17200,350,2200,"sd","09:54:07",4479000
17250,400,10100,"bu","09:54:12",4489100
17250,400,300,"bu","09:54:15",4489400
17250,400,28500,"bu","09:54:16",4517900
17250,400,600,"bu","09:54:17",4518500
17250,400,400,"bu","09:54:21",4518900
17250,400,2000,"bu","09:54:24",4520900
17250,400,39000,"sd","09:54:25",4559900
17250,400,50200,"sd","09:54:27",4610100
17250,400,5000,"bu","09:54:28",4615100
17250,400,10000,"bu","09:54:29",4625100
17250,400,62000,"sd","09:54:30",4687100
17250,400,44000,"sd","09:54:31",4731100
17250,400,500,"bu","09:54:32",4731600
17250,400,800,"bu","09:54:35",4732400
17300,450,8300,"sd","09:54:41",4740700
17250,400,1000,"bu","09:54:42",4741700
17250,400,200,"bu","09:54:43",4741900
17300,450,2100,"bu","09:54:44",4744000
17250,400,5000,"bu","09:54:45",4749000
17300,450,1000,"sd","09:54:47",4750000
17300,450,500,"bu","09:54:48",4750500
17300,450,1000,"bu","09:54:52",4751500
17250,400,71700,"bu","09:54:55",4823200
17300,450,4300,"bu","09:54:58",4827500
17300,450,700,"bu","09:54:59",4828200
17300,450,200000,"bu","09:54:59",5028200
17300,450,6000,"bu","09:55:00",5034200
17300,450,4000,"sd","09:55:05",5038200
17300,450,11600,"sd","09:55:07",5049800
17300,450,5700,"sd","09:55:08",5055500
17300,450,5000,"bu","09:55:09",5060500
17300,450,230000,"sd","09:55:10",5290500
17300,450,500,"bu","09:55:11",5291000
17300,450,7000,"sd","09:55:12",5298000
17300,450,5900,"bu","09:55:19",5303900
17300,450,13900,"sd","09:55:20",5317800
17350,500,10200,"sd","09:55:21",5328000
17350,500,3400,"sd","09:55:23",5338000
17350,500,2100,"bu","09:55:24",5340100
17300,450,200,"sd","09:55:26",5340300
17350,500,100,"bu","09:55:30",5340400
17300,450,2100,"bu","09:55:31",5342500
17300,450,19900,"sd","09:55:35",5362400
17300,450,11200,"sd","09:55:36",5373600
17300,450,2400,"bu","09:55:37",5376000
17300,450,4600,"bu","09:55:38",5380600
17300,450,100,"bu","09:55:40",5384700
17350,500,1000,"bu","09:55:43",5385700
17300,450,100,"sd","09:55:44",5385800
17300,450,1500,"sd","09:55:45",5387300
17350,500,3200,"bu","09:55:46",5390500
17350,500,2000,"bu","09:55:47",5392500
17350,500,20000,"bu","09:55:48",5412500
17300,450,100,"sd","09:55:49",5412600
17350,500,3000,"sd","09:55:50",5415600
17300,450,100,"bu","09:55:51",5415700
17300,450,4400,"sd","09:55:53",5420100
17350,500,10100,"bu","09:55:53",5430200
17300,450,500,"bu","09:55:54",5430700
17300,450,200,"sd","09:55:55",5430900
17300,450,600,"sd","09:55:58",5431500
17350,500,400,"sd","09:56:02",5431900
17350,500,1000,"sd","09:56:03",5432900
17350,500,25800,"sd","09:56:07",5458700
17300,450,200,"bu","09:56:09",5458900
17350,500,1000,"bu","09:56:10",5459900
17350,500,2000,"sd","09:56:11",5461900
17350,500,8600,"sd","09:56:14",5470500
17350,500,3800,"bu","09:56:15",5495800
17300,450,500,"bu","09:56:16",5496300
17350,500,3500,"bu","09:56:18",5499800
17300,450,400,"bu","09:56:19",5500200
17300,450,35100,"bu","09:56:21",5535300
17300,450,1600,"bu","09:56:24",5536900
17300,450,5600,"sd","09:56:25",5546900
17300,450,11000,"sd","09:56:27",5557900
17350,500,99000,"sd","09:56:30",5656900
17300,450,500,"sd","09:56:31",5657400
17300,450,3000,"bu","09:56:32",5660400
17300,450,11600,"sd","09:56:33",5672000
17300,450,100,"sd","09:56:35",5672100
17300,450,1000,"bu","09:56:35",5673100
17350,500,100,"sd","09:56:36",5673200
17350,500,400,"sd","09:56:37",5673600
17300,450,800,"bu","09:56:38",5674400
17350,500,300,"bu","09:56:41",5674700
17300,450,5000,"bu","09:56:43",5679700
17350,500,17300,"bu","09:56:49",5697000
17300,450,2000,"sd","09:56:53",5699000
17350,500,2400,"sd","09:56:55",5701400
17300,450,14400,"bu","09:56:56",5715800
17300,450,1000,"sd","09:57:01",5716800
17300,450,3000,"bu","09:57:02",5719800
17300,450,1000,"bu","09:57:04",5720800
17300,450,200,"bu","09:57:05",5721000
17350,500,1000,"sd","09:57:07",5722000
17300,450,1000,"sd","09:57:12",5723000
17350,500,200,"bu","09:57:13",5723200
17350,500,1000,"bu","09:57:16",5724200
17300,450,5000,"bu","09:57:17",5729200
17350,500,37600,"bu","09:57:19",5766800
17350,500,100,"bu","09:57:21",5766900
17300,450,500,"bu","09:57:21",5767400
17300,450,100,"sd","09:57:22",5767500
17350,500,200,"sd","09:57:30",5767700
17300,450,33400,"bu","09:57:34",5801100
17300,450,700,"sd","09:57:38",5804800
17300,450,3300,"sd","09:57:40",5808100
17350,500,5200,"bu","09:57:44",5813300
17300,450,500,"bu","09:57:46",5814900
17300,450,1000,"sd","09:57:53",5832400
17300,450,5000,"bu","09:57:54",5837400
17300,450,500,"sd","09:57:57",5837900
17350,500,2000,"sd","09:58:02",5839900
17300,450,700,"sd","09:58:06",5840600
17300,450,1000,"sd","09:58:11",5841600
17350,500,2500,"bu","09:58:16",5844100
17300,450,12000,"sd","09:58:17",5856100
17300,450,2000,"bu","09:58:21",5858100
17300,450,3400,"sd","09:58:27",5861500
17300,450,500,"bu","09:58:30",5862000
17300,450,100,"sd","09:58:32",5862100
17300,450,1000,"bu","09:58:33",5863100
17300,450,2100,"sd","09:58:34",5865200
17300,450,25000,"sd","09:58:35",5890200
17300,450,700,"sd","09:58:37",5890900
17300,450,500,"bu","09:58:38",5891400
17300,450,10000,"bu","09:58:39",5901400
17300,450,1100,"bu","09:58:43",5902500
17300,450,1200,"sd","09:58:44",5903700
17300,450,3000,"sd","09:58:45",5906700
17300,450,10000,"sd","09:58:46",5916700
17300,450,1100,"sd","09:58:47",5917800
17300,450,17000,"bu","09:58:48",5934800
17300,450,10300,"sd","09:58:49",5945100
17300,450,500,"bu","09:58:50",5945600
17300,450,1400,"sd","09:58:52",5947000
17300,450,700,"bu","09:58:53",5947700
17300,450,1000,"sd","09:58:54",5950100
17300,450,6000,"sd","09:58:55",5956100
17300,450,4600,"sd","09:58:57",5960700
17300,450,500,"bu","09:58:59",5961200
17300,450,2000,"sd","09:59:03",5963200
17300,450,100,"sd","09:59:04",5963300
17300,450,7100,"bu","09:59:05",5970400
17300,450,300,"bu","09:59:07",5970700
17300,450,6000,"bu","09:59:10",5976700
17300,450,6000,"bu","09:59:11",5982700
17300,450,6200,"sd","09:59:14",5988900
17300,450,1300,"bu","09:59:15",6001900
17300,450,6400,"sd","09:59:17",6008300
17300,450,500,"sd","09:59:19",6008800
17300,450,8000,"sd","09:59:21",6016800
17300,450,1500,"bu","09:59:22",6018300
17300,450,2500,"bu","09:59:23",6020800
17300,450,2000,"sd","09:59:24",6022800
17300,450,500,"sd","09:59:25",6023300
17300,450,5900,"bu","09:59:31",6029200
17350,500,4000,"bu","09:59:34",6033200
17350,500,200,"sd","09:59:36",6033400
17300,450,1000,"bu","09:59:42",6034400
17350,500,400,"bu","09:59:50",6034800
17300,450,5000,"sd","09:59:51",6039800
17300,450,1000,"sd","09:59:51",6040800
17300,450,400,"bu","09:59:52",6041200
17300,450,300,"bu","09:59:54",6041500
17300,450,2000,"sd","09:59:58",6043500
17300,450,2000,"sd","10:00:02",6045500
17300,450,1000,"bu","10:00:02",6046500
17350,500,500,"sd","10:00:03",6047000
17300,450,700,"sd","10:00:06",6047700
17300,450,300,"sd","10:00:08",6048000
17300,450,2500,"sd","10:00:13",6050500
17300,450,6000,"bu","10:00:17",6056500
17300,450,300,"sd","10:00:19",6056800
17300,450,8500,"sd","10:00:25",6065300
17300,450,900,"bu","10:00:27",6066200
17300,450,4000,"sd","10:00:27",6070200
17300,450,2100,"sd","10:00:31",6072300
17350,500,3000,"bu","10:00:33",6075300
17300,450,1000,"bu","10:00:34",6076300
17300,450,11000,"sd","10:00:39",6087300
17300,450,200,"bu","10:00:43",6087500
17300,450,3000,"bu","10:00:44",6090500
17300,450,100,"sd","10:00:48",6090600
17300,450,100000,"bu","10:00:49",6190600
17300,450,6000,"sd","10:00:51",6196600
17300,450,12000,"bu","10:00:54",6208600
17300,450,2000,"bu","10:00:55",6210600
17300,450,900,"bu","10:00:55",6211500
17300,450,2000,"bu","10:00:59",6213500
17300,450,5000,"sd","10:01:13",6218500
17300,450,500,"bu","10:01:15",6219000
17250,400,700,"bu","10:01:24",6219700
17300,450,5000,"bu","10:01:26",6224700
17300,450,300,"sd","10:01:28",6225000
17300,450,600,"sd","10:01:32",6225600
17300,450,1000,"bu","10:01:34",6226600
17300,450,3000,"sd","10:01:36",6229600
17250,400,1000,"sd","10:01:39",6230600
17250,400,3000,"sd","10:01:49",6233600
17250,400,600,"bu","10:01:58",6234200
17250,400,4100,"sd","10:02:00",6238300
17250,400,1000,"sd","10:02:01",6239300
17250,400,10800,"bu","10:02:05",6250100
17250,400,16300,"bu","10:02:07",6266400
17250,400,200,"sd","10:02:08",6266600
17250,400,1000,"sd","10:02:09",6267600
17250,400,54000,"sd","10:02:12",6321600
17250,400,1500,"sd","10:02:15",6323100
17250,400,200,"bu","10:02:16",6323300
17250,400,600,"bu","10:02:18",6323900
17250,400,300,"bu","10:02:20",6324200
17250,400,200,"bu","10:02:26",6324400
17250,400,100,"bu","10:02:30",6324500
17250,400,500,"bu","10:02:31",6325000
17250,400,5400,"bu","10:02:33",6330400
17250,400,1000,"sd","10:02:36",6331400
17250,400,3000,"bu","10:02:49",6334400
17250,400,2800,"bu","10:02:50",6337200
17250,400,300,"bu","10:02:55",6337500
17250,400,102300,"sd","10:03:08",6439800
17250,400,4100,"bu","10:03:12",6443900
17300,450,1200,"bu","10:03:13",6445100
17250,400,5000,"sd","10:03:20",6450100
17250,400,1000,"sd","10:03:36",6451100
17250,400,100,"sd","10:03:39",6451200
17250,400,1000,"bu","10:03:40",6452200
17250,400,2000,"sd","10:03:46",6454200
17250,400,200,"sd","10:03:47",6454400
17250,400,10000,"bu","10:03:47",6464400
17250,400,100,"bu","10:03:51",6464500
17250,400,2200,"sd","10:03:58",6466700
17250,400,1200,"bu","10:04:00",6467900
17250,400,1000,"sd","10:04:06",6468900
17250,400,500,"bu","10:04:10",6469400
17250,400,100,"sd","10:04:12",6469500
17250,400,1600,"bu","10:04:23",6471100
17250,400,3000,"sd","10:04:25",6474100
17250,400,2000,"bu","10:04:27",6476100
17250,400,500,"bu","10:04:28",6476600
17300,450,5000,"bu","10:04:29",6481600
17250,400,100,"sd","10:04:37",6481700
17300,450,300,"sd","10:04:44",6482000
17250,400,1000,"sd","10:04:47",6483000
17300,450,1100,"sd","10:04:49",6484100
17250,400,100,"sd","10:04:53",6484200
17300,450,1500,"sd","10:04:55",6485700
17300,450,3000,"bu","10:04:59",6488700
17250,400,100,"sd","10:05:03",6488800
17300,450,900,"bu","10:05:05",6489700
17250,400,500,"sd","10:05:11",6490200
17250,400,1000,"sd","10:05:13",6491200
17300,450,200,"bu","10:05:16",6491400
17250,400,1200,"sd","10:05:22",6492600
17250,400,5000,"sd","10:05:27",6497600
17250,400,600,"sd","10:05:39",6498200
17250,400,21000,"sd","10:05:44",6519200
17250,400,3000,"bu","10:05:47",6522200
17250,400,2600,"sd","10:05:50",6524800
17250,400,200,"bu","10:05:53",6525000
17250,400,2000,"sd","10:05:57",6527000
17250,400,500,"bu","10:05:59",6527500
17250,400,20000,"bu","10:06:00",6547500
17250,400,100,"sd","10:06:01",6547600
17250,400,3600,"sd","10:06:07",6551200
17300,450,1300,"sd","10:06:08",6552500
17250,400,1500,"bu","10:06:09",6554000
17250,400,300,"sd","10:06:10",6554300
17250,400,300,"sd","10:06:11",6554600
17250,400,5000,"sd","10:06:11",6559600
17250,400,7000,"sd","10:06:16",6566600
17250,400,12400,"bu","10:06:23",6579000
17250,400,700,"sd","10:06:26",6579700
17250,400,1000,"sd","10:06:27",6580700
17300,450,5000,"bu","10:06:28",6585700
17250,400,15500,"sd","10:06:34",6601200
17300,450,1000,"sd","10:06:37",6602200
17300,450,300,"sd","10:06:38",6602500
17250,400,900,"sd","10:06:46",6603400
17250,400,100,"sd","10:06:50",6603500
17300,450,200,"bu","10:06:51",6603700
17250,400,100,"sd","10:06:52",6603800
17250,400,30000,"sd","10:06:53",6633800
17300,450,100,"bu","10:06:54",6633900
17250,400,7000,"sd","10:06:57",6640900
17250,400,20000,"bu","10:06:59",6660900
17250,400,4000,"bu","10:07:00",6664900
17250,400,5500,"bu","10:07:01",6670400
17250,400,1500,"sd","10:07:04",6671900
17250,400,33500,"sd","10:07:07",6705400
17250,400,2500,"bu","10:07:10",6707900
17250,400,12000,"sd","10:07:12",6719900
17250,400,1000,"sd","10:07:13",6720900
17250,400,10000,"bu","10:07:14",6730900
17250,400,100,"sd","10:07:15",6731000
17250,400,35000,"bu","10:07:16",6766000
17250,400,1800,"bu","10:07:17",6767800
17250,400,1500,"bu","10:07:18",6769300
17250,400,100,"bu","10:07:19",6769400
17250,400,1000,"sd","10:07:20",6770400
17250,400,5500,"sd","10:07:24",6775900
17250,400,100,"bu","10:07:25",6776000
17250,400,500,"sd","10:07:26",6776500
17250,400,5000,"bu","10:07:28",6781500
17250,400,1000,"bu","10:07:30",6782500
17250,400,5000,"bu","10:07:33",6787500
17250,400,1000,"bu","10:07:34",6788500
17250,400,300,"bu","10:07:36",6788800
17250,400,5700,"sd","10:07:41",6794500
17250,400,10000,"sd","10:07:42",6804500
17250,400,300,"sd","10:07:49",6804800
17250,400,21800,"bu","10:07:52",6826600
17250,400,10600,"sd","10:07:55",6837200
17250,400,3200,"sd","10:07:56",6840400
17250,400,100,"bu","10:07:59",6840500
17250,400,500,"bu","10:08:03",6841000
17250,400,400,"sd","10:08:07",6841400
17250,400,3500,"sd","10:08:08",6844900
17250,400,400,"bu","10:08:11",6845300
17250,400,8000,"bu","10:08:13",6853300
17250,400,5100,"sd","10:08:24",6858400
17250,400,500,"bu","10:08:27",6858900
17250,400,100,"bu","10:08:30",6859000
17250,400,2000,"bu","10:08:34",6861000
17250,400,4000,"sd","10:08:41",6865000
17250,400,5000,"sd","10:08:45",6870000
17250,400,12300,"sd","10:08:47",6882300
17250,400,400,"bu","10:08:50",6882700
17250,400,500,"sd","10:08:53",6883200
17250,400,16000,"bu","10:08:54",6899200
17250,400,17800,"sd","10:09:02",6917000
17250,400,200,"bu","10:09:03",6917200
17250,400,1000,"sd","10:09:05",6918200
17250,400,2100,"sd","10:09:09",6920300
17250,400,600,"sd","10:09:10",6920900
17250,400,200,"sd","10:09:11",6921100
17300,450,400,"bu","10:09:14",6921500
17300,450,300,"sd","10:09:21",6921800
17250,400,20000,"sd","10:09:25",6941800
17250,400,1000,"sd","10:09:37",6942800
17300,450,2600,"bu","10:09:38",6945400
17250,400,3000,"sd","10:09:45",6948400
17250,400,100,"sd","10:09:46",6948500
17250,400,900,"bu","10:09:49",6949400
17250,400,100,"sd","10:09:53",6949500
17250,400,900,"sd","10:09:54",6950400
17250,400,2000,"sd","10:09:55",6952400
17250,400,3000,"bu","10:10:02",6955400
17250,400,2000,"sd","10:10:07",6957400
17250,400,1000,"sd","10:10:12",6958400
17250,400,10000,"sd","10:10:17",6968400
17250,400,500,"sd","10:10:19",6968900
17250,400,400,"sd","10:10:23",6969300
17250,400,6000,"bu","10:10:27",6975300
17250,400,200,"bu","10:10:28",6975500
17250,400,1000,"sd","10:10:33",6976500
17250,400,3500,"sd","10:10:42",6980000
17250,400,3000,"bu","10:10:47",6983000
17250,400,1000,"sd","10:10:51",6984000
17250,400,30300,"sd","10:10:53",7014300
17300,450,1000,"sd","10:10:54",7015300
17250,400,10000,"bu","10:10:55",7025300
17300,450,200,"bu","10:10:56",7025500
17250,400,1000,"bu","10:10:58",7026500
17250,400,50000,"sd","10:10:59",7076500
17250,400,500,"sd","10:11:01",7077000
17250,400,1000,"sd","10:11:02",7078000
17250,400,1000,"bu","10:11:04",7079000
17250,400,500,"bu","10:11:07",7079500
17250,400,4100,"sd","10:11:08",7083600
17250,400,2000,"sd","10:11:09",7085600
17250,400,600,"bu","10:11:10",7086200
17250,400,900,"sd","10:11:11",7087100
17250,400,2000,"bu","10:11:15",7089100
17250,400,11000,"sd","10:11:16",7100100
17250,400,5000,"sd","10:11:17",7105100
17250,400,2000,"sd","10:11:19",7107100
17250,400,5000,"sd","10:11:20",7112100
17250,400,2000,"sd","10:11:23",7114100
17250,400,500,"sd","10:11:24",7114600
17250,400,1000,"sd","10:11:35",7115600
17250,400,48400,"sd","10:11:40",7164000
17250,400,25800,"sd","10:11:41",7189800
17200,350,3500,"bu","10:11:43",7193300
17200,350,100,"sd","10:11:50",7193400
17250,400,5900,"bu","10:11:53",7199300
17250,400,1600,"sd","10:11:56",7200900
17200,350,10000,"bu","10:11:59",7210900
17250,400,500,"sd","10:12:02",7211400
17250,400,5000,"bu","10:12:03",7216400
17250,400,2000,"sd","10:12:04",7218400
17250,400,3900,"bu","10:12:10",7222300
17250,400,200,"sd","10:12:11",7222500
17200,350,600,"sd","10:12:21",7223100
17250,400,100,"sd","10:12:25",7223200
17250,400,1600,"bu","10:12:29",7224800
17250,400,37500,"bu","10:12:36",7262300
17250,400,21100,"sd","10:12:38",7283400
17250,400,100,"sd","10:12:40",7283500
17250,400,9600,"sd","10:12:41",7293100
17250,400,500,"bu","10:12:53",7293600
17250,400,2000,"sd","10:13:01",7295600
17250,400,3700,"bu","10:13:08",7299300
17250,400,100,"bu","10:13:11",7299400
17250,400,3000,"bu","10:13:13",7302400
17250,400,1500,"sd","10:13:24",7303900
17250,400,900,"bu","10:13:27",7304800
17250,400,10000,"bu","10:13:29",7314800
17250,400,100,"bu","10:13:30",7314900
17250,400,2000,"bu","10:13:34",7316900
17250,400,5000,"bu","10:13:36",7321900
17200,350,900,"sd","10:13:45",7322800
17250,400,8300,"sd","10:13:46",7331100
17250,400,1300,"sd","10:13:51",7332400
17300,450,100,"sd","10:13:56",7332500
17250,400,2100,"sd","10:13:58",7334600
17250,400,4200,"sd","10:14:00",7338800
17300,450,1300,"sd","10:14:02",7340100
17250,400,500,"bu","10:14:04",7340600
17250,400,100,"sd","10:14:06",7340700
17250,400,3700,"bu","10:14:10",7344400
17250,400,100,"sd","10:14:13",7344500
17250,400,500,"bu","10:14:19",7345000
17250,400,100,"sd","10:14:20",7345100
17250,400,500,"bu","10:14:21",7345600
17250,400,100,"bu","10:14:23",7345700
17250,400,14100,"sd","10:14:25",7359800
17250,400,1000,"sd","10:14:26",7360800
17250,400,200,"bu","10:14:28",7361000
17250,400,6400,"bu","10:14:31",7367400
17250,400,2500,"bu","10:14:32",7369900
17200,350,1500,"bu","10:14:40",7371400
17200,350,500,"sd","10:14:48",7371900
17250,400,46000,"bu","10:14:49",7417900
17250,400,24300,"bu","10:14:50",7442200
17250,400,4500,"bu","10:14:54",7446700
17250,400,500,"bu","10:14:57",7447200
17250,400,400,"bu","10:14:58",7447600
17250,400,5000,"bu","10:15:01",7452600
17250,400,200,"sd","10:15:10",7452800
17250,400,400,"bu","10:15:17",7453200
17250,400,2000,"sd","10:15:19",7455200
17250,400,200,"sd","10:15:21",7455400
17250,400,30500,"bu","10:15:24",7485900
17300,450,200,"sd","10:15:26",7486100
17300,450,1000,"bu","10:15:37",7487100
17250,400,500,"bu","10:15:44",7487600
17300,450,100,"sd","10:15:48",7487700
17300,450,200,"bu","10:15:51",7487900
17250,400,300,"bu","10:15:53",7488200
17300,450,1000,"bu","10:16:03",7489200
17250,400,200,"bu","10:16:04",7489400
17300,450,1300,"bu","10:16:10",7490700
17300,450,800,"bu","10:16:14",7491500
17250,400,500,"bu","10:16:16",7492000
17300,450,1800,"bu","10:16:30",7493800
17300,450,500,"sd","10:16:35",7494300
17250,400,500,"bu","10:16:37",7494800
17300,450,11000,"bu","10:16:40",7505800
17300,450,26400,"bu","10:16:41",7532200
17250,400,100,"sd","10:16:43",7532300
17300,450,1000,"sd","10:16:44",7533300
17300,450,3000,"sd","10:16:46",7536300
17300,450,28100,"sd","10:16:58",7564400
17300,450,2400,"sd","10:17:03",7566800
17300,450,5000,"sd","10:17:05",7571800
17250,400,600,"bu","10:17:07",7572400
17300,450,500,"bu","10:17:09",7572900
17300,450,100,"sd","10:17:11",7573000
17300,450,26400,"sd","10:17:12",7599400
17300,450,10100,"sd","10:17:16",7609500
17300,450,42400,"bu","10:17:17",7651900
17300,450,100,"sd","10:17:19",7678400
17300,450,4100,"sd","10:17:21",7682500
17300,450,100,"bu","10:17:24",7682600
17300,450,700,"bu","10:17:25",7683300
17300,450,5100,"sd","10:17:26",7688400
17300,450,600,"bu","10:17:28",7689000
17300,450,8700,"sd","10:17:29",7697700
17300,450,200,"bu","10:17:32",7697900
17300,450,2100,"sd","10:17:33",7700000
17300,450,5000,"bu","10:17:35",7705000
17250,400,200,"bu","10:17:36",7705200
17250,400,3200,"sd","10:17:41",7708400
17300,450,3600,"sd","10:17:48",7712000
17250,400,300,"bu","10:17:50",7712300
17300,450,5000,"sd","10:17:55",7717300
17300,450,300,"sd","10:17:57",7717600
17300,450,16000,"sd","10:18:13",7733600
17300,450,9200,"sd","10:18:14",7742800
17300,450,1000,"sd","10:18:18",7743800
17300,450,1000,"bu","10:18:20",7744800
17300,450,4000,"sd","10:18:23",7748800
17300,450,100,"bu","10:18:25",7748900
17300,450,1500,"bu","10:18:26",7750400
17300,450,1900,"bu","10:18:28",7752300
17300,450,2000,"sd","10:18:29",7754300
17300,450,20300,"sd","10:18:31",7774600
17300,450,800,"sd","10:18:34",7775400
17300,450,100000,"sd","10:18:35",7875400
17300,450,4700,"sd","10:18:37",7880100
17300,450,26400,"bu","10:18:38",7906500
17300,450,30200,"bu","10:18:39",7936700
17300,450,26400,"bu","10:18:40",7963100
17300,450,3500,"bu","10:18:42",7966600
17300,450,1000,"sd","10:18:44",7973600
17300,450,100,"sd","10:18:46",7973700
17300,450,89100,"bu","10:18:49",8062800
17300,450,1800,"sd","10:18:50",8064600
17300,450,26700,"sd","10:18:51",8091300
17300,450,29400,"bu","10:18:52",8120700
17300,450,38100,"bu","10:18:53",8158800
17300,450,46400,"bu","10:18:55",8205200
17300,450,12200,"bu","10:18:56",8217400
17300,450,6100,"bu","10:18:57",8223500
17300,450,55800,"sd","10:18:58",8279300
17350,500,74000,"bu","10:18:59",8353300
17350,500,40000,"sd","10:19:01",8393300
17300,450,100,"sd","10:19:05",8393400
17300,450,3000,"sd","10:19:15",8396400
17350,500,2100,"sd","10:19:16",8398500
17350,500,1000,"bu","10:19:26",8399500
17300,450,300,"sd","10:19:28",8399800
17350,500,20000,"sd","10:19:31",8419800
17350,500,20000,"bu","10:19:32",8439800
17350,500,4300,"sd","10:19:37",8444100
17350,500,10100,"sd","10:19:39",8454200
17350,500,1600,"sd","10:19:40",8455800
17300,450,2300,"sd","10:19:41",8458100
17350,500,300,"sd","10:19:42",8458400
17350,500,100,"sd","10:19:45",8458500
17350,500,26500,"bu","10:19:51",8485000
17350,500,26200,"sd","10:19:52",8511200
17350,500,1500,"bu","10:19:57",8512700
17350,500,2700,"bu","10:19:58",8515400
17350,500,5000,"sd","10:20:00",8520400
17350,500,1000,"sd","10:20:02",8521400
17350,500,2000,"bu","10:20:05",8523400
17350,500,2200,"bu","10:20:06",8525600
17300,450,1100,"sd","10:20:07",8526700
17350,500,100,"sd","10:20:08",8526800
17350,500,500,"bu","10:20:15",8527300
17350,500,10200,"sd","10:20:21",8537500
17350,500,10800,"bu","10:20:26",8548300
17350,500,7000,"bu","10:20:28",8555300
17350,500,45000,"sd","10:20:29",8600300
17350,500,4000,"bu","10:20:34",8604300
17350,500,1000,"bu","10:20:35",8605300
17350,500,4000,"bu","10:20:40",8609300
17350,500,3000,"sd","10:20:42",8612300
17350,500,1000,"bu","10:20:48",8613300
17350,500,100,"sd","10:20:49",8613400
17350,500,50500,"sd","10:20:52",8663900
17350,500,3000,"bu","10:20:54",8666900
17350,500,7400,"sd","10:20:55",8674300
17350,500,2500,"bu","10:20:57",8676800
17350,500,3000,"sd","10:20:58",8679800
17350,500,15000,"bu","10:20:59",8694800
17350,500,500,"sd","10:21:00",8695300
17350,500,700,"sd","10:21:01",8696000
17350,500,1000,"sd","10:21:02",8697000
17350,500,23400,"sd","10:21:03",8720400
17350,500,53700,"bu","10:21:04",8774100
17350,500,26400,"bu","10:21:05",8800500
17350,500,500,"sd","10:21:06",8801000
17350,500,2000,"sd","10:21:07",8803000
17350,500,8300,"bu","10:21:09",8811300
17350,500,5000,"sd","10:21:10",8816300
17350,500,3500,"bu","10:21:11",8819800
17350,500,1500,"sd","10:21:12",8835100
17350,500,5000,"sd","10:21:13",8840100
17350,500,500,"bu","10:21:14",8840600
17350,500,20000,"bu","10:21:16",8860600
17350,500,62400,"sd","10:21:20",8923000
17350,500,3900,"sd","10:21:21",8926900
17350,500,5500,"sd","10:21:22",8932400
17350,500,10300,"bu","10:21:23",8942700
17350,500,4000,"sd","10:21:24",8946700
17350,500,5700,"bu","10:21:25",8952400
17350,500,300,"sd","10:21:30",8952700
17350,500,5000,"sd","10:21:32",8957700
17350,500,1000,"bu","10:21:34",8958700
17350,500,4100,"bu","10:21:45",8962800
17350,500,400,"sd","10:21:46",8963200
17350,500,35400,"bu","10:21:47",8998600
17350,500,1000,"bu","10:21:49",8999600
17350,500,10000,"sd","10:21:50",9009600
17350,500,100,"bu","10:21:53",9009700
17350,500,4000,"bu","10:21:54",9013700
17350,500,15700,"bu","10:22:04",9029400
17400,550,4700,"bu","10:22:05",9034100
17350,500,200,"bu","10:22:07",9034300
17350,500,3000,"sd","10:22:08",9037300
17350,500,100,"sd","10:22:13",9037400
17400,550,1000,"bu","10:22:15",9038400
17350,500,10000,"sd","10:22:17",9048400
17350,500,100,"sd","10:22:21",9048500
17400,550,600,"bu","10:22:26",9049100
17350,500,100,"bu","10:22:27",9049200
17350,500,6700,"sd","10:22:50",9055900
17350,500,5000,"bu","10:22:51",9060900
17400,550,41800,"sd","10:22:57",9102700
17350,500,3000,"sd","10:22:58",9105700
17350,500,10000,"bu","10:22:59",9115700
17350,500,42700,"sd","10:23:06",9158400
17350,500,3200,"bu","10:23:13",9161600
17350,500,100,"bu","10:23:18",9161700
17350,500,1000,"bu","10:23:21",9162700
17350,500,600,"sd","10:23:22",9163300
17350,500,50000,"bu","10:23:24",9213300
17350,500,100,"sd","10:23:25",9213400
17350,500,1000,"bu","10:23:26",9214400
17350,500,1600,"bu","10:23:31",9216000
17350,500,62000,"sd","10:23:32",9278000
17350,500,3000,"bu","10:23:35",9281000
17350,500,10000,"bu","10:23:36",9291000
17350,500,3000,"sd","10:23:39",9294000
17350,500,52600,"bu","10:23:40",9346600
17350,500,1000,"sd","10:23:42",9347600
17350,500,27000,"bu","10:23:48",9374600
17350,500,2000,"bu","10:23:55",9376600
17350,500,200,"bu","10:23:58",9376800
17350,500,700,"bu","10:24:01",9377500
17350,500,1000,"bu","10:24:02",9378500
17350,500,500,"sd","10:24:04",9379000
17350,500,1000,"bu","10:24:09",9380000
17350,500,10000,"sd","10:24:12",9390000
17350,500,5000,"bu","10:24:15",9395000
17350,500,100,"sd","10:24:20",9395100
17350,500,2000,"bu","10:24:22",9397100
17400,550,1400,"sd","10:24:23",9398500
17350,500,137600,"sd","10:24:25",9536100
17350,500,600,"bu","10:24:27",9536700
17350,500,800,"sd","10:24:33",9537500
17350,500,3000,"sd","10:24:34",9540500
17350,500,2500,"sd","10:24:36",9543000
17350,500,600,"sd","10:24:39",9543600
17350,500,800,"bu","10:24:40",9544400
17350,500,3800,"sd","10:24:43",9548200
17350,500,1000,"bu","10:24:44",9549200
17350,500,100,"bu","10:24:50",9549300
17350,500,44000,"sd","10:24:51",9593300
17350,500,14600,"bu","10:24:57",9607900
17350,500,10500,"bu","10:25:02",9618400
17350,500,500,"bu","10:25:04",9618900
17350,500,100,"bu","10:25:08",9619000
17350,500,13100,"sd","10:25:17",9632100
17350,500,100,"bu","10:25:26",9632200
17350,500,1000,"sd","10:25:28",9633200
17350,500,600,"sd","10:25:32",9633800
17350,500,1400,"bu","10:25:39",9635200
17350,500,100,"sd","10:25:41",9635300
17350,500,300,"bu","10:25:43",9635600
17350,500,3700,"sd","10:25:46",9639300
17350,500,85200,"bu","10:25:49",9724500
17350,500,1800,"bu","10:25:50",9726300
17350,500,2000,"sd","10:25:55",9728300
17350,500,7000,"bu","10:25:56",9735300
17350,500,7400,"sd","10:25:57",9742700
17350,500,1100,"bu","10:25:59",9743800
17350,500,100,"bu","10:26:02",9743900
17300,450,9400,"bu","10:26:21",9753300
17350,500,100,"bu","10:26:22",9753400
17350,500,1500,"sd","10:26:28",9754900
17350,500,3500,"bu","10:26:39",9758400
17350,500,5400,"bu","10:26:41",9763800
17350,500,6000,"sd","10:26:43",9769800
17350,500,2000,"sd","10:26:46",9771800
17350,500,100,"bu","10:26:47",9771900
17350,500,1000,"bu","10:26:48",9772900
17350,500,10000,"bu","10:26:49",9782900
17350,500,3200,"bu","10:26:51",9786100
17350,500,200,"sd","10:26:52",9786300
17350,500,500,"bu","10:26:58",9786800
17350,500,2900,"sd","10:27:02",9789700
17350,500,3100,"sd","10:27:06",9792800
17350,500,300,"bu","10:27:08",9793100
17350,500,100,"bu","10:27:09",9793200
17350,500,1200,"sd","10:27:14",9794400
17350,500,2000,"bu","10:27:20",9796400
17350,500,3000,"bu","10:27:21",9799400
17350,500,500,"sd","10:27:22",9799900
17350,500,35200,"bu","10:27:25",9835100
17350,500,500,"sd","10:27:26",9835600
17350,500,300,"sd","10:27:28",9835900
17350,500,2000,"bu","10:27:36",9837900
17350,500,100,"sd","10:27:39",9838000
17350,500,2200,"sd","10:27:41",9840200
17350,500,500,"sd","10:27:42",9840700
17300,450,200,"bu","10:27:47",9840900
17350,500,10000,"bu","10:27:48",9850900
17350,500,200,"sd","10:27:52",9851100
17300,450,100,"bu","10:27:56",9851200
17350,500,500,"bu","10:27:57",9851700
17350,500,1000,"bu","10:28:10",9852700
17350,500,10000,"sd","10:28:11",9862700
17350,500,57700,"sd","10:28:14",9920400
17350,500,20000,"bu","10:28:15",9940400
17350,500,300,"sd","10:28:16",9940700
17350,500,6000,"sd","10:28:19",9946700
17350,500,500,"sd","10:28:20",9947200
17350,500,600,"bu","10:28:29",9947800
17350,500,2000,"bu","10:28:32",9949800
17350,500,13000,"sd","10:28:33",9962800
17350,500,1000,"bu","10:28:36",9963800
17350,500,2000,"bu","10:28:39",9965800
17350,500,400,"bu","10:28:40",9966200
17350,500,7000,"sd","10:28:42",9973200
17350,500,5900,"sd","10:28:43",9979100
17350,500,27600,"bu","10:28:44",10006700
17350,500,600,"bu","10:28:48",10007300
17350,500,300,"sd","10:28:49",10007600
17350,500,1400,"sd","10:28:51",10009000
17350,500,40000,"sd","10:29:01",10049000
17350,500,4600,"bu","10:29:06",10053600
17350,500,500,"bu","10:29:10",10054100
17350,500,900,"bu","10:29:12",10055000
17350,500,500,"sd","10:29:14",10055500
17300,450,200,"bu","10:29:18",10055700
17350,500,400,"sd","10:29:27",10056100
17350,500,3000,"bu","10:29:31",10059100
17350,500,1200,"bu","10:29:35",10060300
17350,500,30200,"sd","10:29:38",10090500
17350,500,500,"sd","10:29:39",10091000
17350,500,1000,"sd","10:29:40",10092000
17350,500,3000,"sd","10:29:42",10095000
17350,500,100,"sd","10:29:43",10095100
17350,500,14000,"sd","10:29:44",10109100
17350,500,5200,"sd","10:29:46",10114300
17350,500,100,"sd","10:29:48",10114400
17350,500,3000,"bu","10:29:49",10117400
17350,500,5000,"bu","10:29:50",10122400
17350,500,3800,"sd","10:29:51",10126200
17350,500,1200,"sd","10:29:52",10127400
17350,500,3000,"bu","10:29:53",10130400
17400,550,83500,"sd","10:29:56",10213900
17400,550,3400,"sd","10:30:03",10217300
17350,500,200,"bu","10:30:07",10217500
17400,550,5000,"bu","10:30:10",10222500
17350,500,100,"sd","10:30:13",10222600
17400,550,28200,"sd","10:30:14",10250800
17400,550,1100,"bu","10:30:15",10251900
17400,550,11000,"bu","10:30:17",10262900
17400,550,1500,"sd","10:30:18",10264400
17350,500,500,"sd","10:30:20",10264900
17400,550,2000,"sd","10:30:21",10266900
17400,550,500,"sd","10:30:22",10267400
17400,550,400,"sd","10:30:23",10267800
17400,550,600,"sd","10:30:26",10268400
17400,550,2800,"bu","10:30:28",10271200
17400,550,11700,"bu","10:30:30",10282900
17400,550,400,"sd","10:30:31",10283300
17400,550,10100,"bu","10:30:34",10293400
17400,550,5500,"bu","10:30:35",10298900
17400,550,8500,"bu","10:30:36",10307400
17400,550,15600,"sd","10:30:38",10323000
17350,500,5300,"sd","10:30:39",10328300
17400,550,5000,"bu","10:30:41",10333300
17400,550,17100,"bu","10:30:43",10350400
17400,550,2000,"bu","10:30:44",10352400
17400,550,900,"bu","10:30:45",10353300
17400,550,1000,"sd","10:30:48",10354300
17400,550,5000,"bu","10:30:49",10359300
17400,550,6000,"bu","10:30:52",10365300
17400,550,61000,"bu","10:30:53",10426300
17400,550,51600,"sd","10:30:54",10477900
17400,550,4000,"bu","10:30:55",10481900
17400,550,2700,"sd","10:30:57",10484600
17400,550,104500,"bu","10:30:58",10589100
17400,550,6500,"bu","10:30:59",10595600
17400,550,2600,"sd","10:31:00",10598200
17400,550,1300,"bu","10:31:01",10599500
17400,550,400,"bu","10:31:02",10599900
17400,550,2400,"sd","10:31:03",10602300
17400,550,6200,"bu","10:31:04",10608500
17400,550,4000,"sd","10:31:05",10612500
17400,550,5900,"bu","10:31:06",10618400
17400,550,5100,"bu","10:31:08",10623500
17400,550,100,"bu","10:31:11",10623600
17400,550,10000,"bu","10:31:12",10633600
17400,550,3000,"bu","10:31:13",10636600
17400,550,15400,"bu","10:31:14",10652000
17400,550,500,"bu","10:31:16",10652500
17400,550,3300,"sd","10:31:17",10655800
17400,550,500,"sd","10:31:18",10656300
17400,550,3000,"bu","10:31:19",10659300
17400,550,38700,"sd","10:31:20",10698000
17400,550,36600,"sd","10:31:24",10734600
17400,550,7300,"sd","10:31:27",10741900
17400,550,40500,"bu","10:31:30",10782400
17400,550,74000,"bu","10:31:31",10856400
17400,550,40500,"bu","10:31:32",10896900
17400,550,24000,"sd","10:31:33",10920900
17400,550,42500,"sd","10:31:34",10963400
17450,600,200,"bu","10:31:37",10963600
17450,600,2800,"sd","10:31:44",10966400
17400,550,5000,"sd","10:31:47",10971400
17400,550,200,"sd","10:31:49",10971600
17450,600,2000,"bu","10:31:52",10973600
17400,550,100,"sd","10:31:54",10973700
17450,600,5100,"sd","10:32:02",10978800
17400,550,500,"sd","10:32:03",10979300
17450,600,5100,"bu","10:32:08",10984400
17450,600,100,"sd","10:32:10",10984500
17400,550,10000,"bu","10:32:11",10994500
17450,600,400,"sd","10:32:16",10994900
17400,550,1000,"bu","10:32:17",10995900
17400,550,5000,"sd","10:32:22",11000900
17400,550,700,"bu","10:32:26",11001600
17450,600,400,"bu","10:32:32",11002000
17450,600,2000,"bu","10:32:36",11004000
17450,600,7000,"bu","10:32:39",11011000
17400,550,300,"bu","10:32:42",11011300
17450,600,8200,"bu","10:32:43",11019500
17450,600,800,"sd","10:32:45",11020300
17450,600,5500,"bu","10:32:48",11025800
17450,600,800,"sd","10:32:51",11026600
17450,600,400,"sd","10:32:52",11027000
17450,600,6000,"bu","10:32:56",11033000
17450,600,3000,"sd","10:32:58",11036000
17450,600,300,"sd","10:32:59",11036300
17450,600,600,"sd","10:33:02",11036900
17450,600,1000,"bu","10:33:03",11037900
17450,600,4000,"bu","10:33:05",11041900
17450,600,15000,"sd","10:33:06",11056900
17450,600,2000,"sd","10:33:10",11058900
17450,600,100,"bu","10:33:13",11059000
17450,600,5000,"bu","10:33:14",11064000
17450,600,6300,"sd","10:33:16",11070300
17450,600,1700,"sd","10:33:18",11072000
17450,600,2900,"bu","10:33:19",11074900
17400,550,400,"sd","10:33:21",11075300
17400,550,8600,"sd","10:33:27",11083900
17450,600,100,"sd","10:33:30",11084000
17450,600,600,"sd","10:33:31",11084600
17450,600,1700,"sd","10:33:33",11086300
17450,600,700,"bu","10:33:36",11087000
17450,600,2000,"sd","10:33:38",11089000
17450,600,1300,"bu","10:33:44",11090300
17450,600,500,"sd","10:33:45",11090800
17450,600,5500,"sd","10:33:48",11096300
17450,600,1000,"sd","10:33:49",11097300
17450,600,300,"bu","10:33:55",11097600
17450,600,11400,"bu","10:34:01",11109000
17450,600,1100,"bu","10:34:06",11110100
17450,600,1000,"sd","10:34:09",11111100
17450,600,2200,"bu","10:34:21",11113300
17400,550,900,"bu","10:34:22",11114200
17450,600,2000,"sd","10:34:23",11116200
17400,550,600,"bu","10:34:27",11116800
17400,550,2500,"bu","10:34:28",11119300
17450,600,5000,"sd","10:34:36",11124300
17450,600,10000,"bu","10:34:37",11134300
17450,600,100,"sd","10:34:41",11134400
17450,600,500,"bu","10:34:45",11134900
17400,550,400,"bu","10:34:46",11135300
17450,600,20000,"bu","10:34:47",11155300
17450,600,1800,"bu","10:34:49",11157100
17450,600,500,"sd","10:34:51",11157600
17450,600,10000,"bu","10:34:59",11167600
17400,550,2500,"bu","10:35:00",11170100
17450,600,1200,"sd","10:35:01",11171300
17400,550,700,"bu","10:35:02",11172000
17450,600,3400,"sd","10:35:06",11175400
17450,600,200,"bu","10:35:09",11175600
17450,600,1000,"bu","10:35:14",11176600
17400,550,12000,"bu","10:35:15",11188600
17450,600,3000,"sd","10:35:20",11191600
17450,600,2000,"sd","10:35:22",11193600
17400,550,2900,"sd","10:35:28",11196500
17400,550,6800,"sd","10:35:31",11203300
17450,600,200,"bu","10:35:32",11203500
17450,600,102200,"sd","10:35:35",11305700
17400,550,900,"bu","10:35:36",11306600
17400,550,7600,"bu","10:35:37",11314200
17400,550,4700,"bu","10:35:40",11318900
17400,550,7000,"sd","10:35:41",11325900
17400,550,1300,"sd","10:35:44",11327200
17400,550,1000,"bu","10:35:49",11328200
17450,600,3000,"bu","10:35:55",11331200
17450,600,1000,"sd","10:35:58",11332200
17450,600,500,"sd","10:35:59",11332700
17450,600,3400,"bu","10:36:02",11336100
17450,600,8700,"bu","10:36:03",11344800
17450,600,16900,"sd","10:36:05",11361700
17400,550,1300,"sd","10:36:06",11363000
17400,550,2000,"sd","10:36:08",11365000
17450,600,100,"bu","10:36:09",11365100
17400,550,160000,"sd","10:36:12",11525100
17450,600,500,"bu","10:36:13",11525600
17450,600,5200,"sd","10:36:15",11530800
17450,600,201000,"bu","10:36:17",11731800
17450,600,40000,"bu","10:36:18",11771800
17450,600,3000,"sd","10:36:20",11774800
17450,600,1300,"bu","10:36:21",11776100
17450,600,2100,"bu","10:36:23",11778200
17450,600,3000,"sd","10:36:26",11781200
17450,600,300,"bu","10:36:27",11781500
17450,600,3200,"sd","10:36:28",11784700
17450,600,500,"bu","10:36:29",11785200
17450,600,100,"sd","10:36:31",11785300
17450,600,400,"bu","10:36:33",11785700
17450,600,5000,"sd","10:36:35",11790700
17450,600,100,"bu","10:36:36",11790800
17450,600,300,"bu","10:36:38",11791100
17450,600,800,"bu","10:36:40",11791900
17450,600,400,"bu","10:36:43",11792300
17450,600,20000,"sd","10:36:44",11812300
17450,600,1500,"bu","10:36:46",11813800
17450,600,100,"sd","10:36:48",11813900
17450,600,7000,"sd","10:36:49",11820900
17450,600,500,"bu","10:36:51",11821400
17500,650,100,"bu","10:36:54",11821500
17450,600,200,"sd","10:36:56",11821700
17500,650,13000,"bu","10:36:57",11834700
17450,600,10800,"bu","10:36:59",11845500
17450,600,700,"bu","10:37:00",11846200
17450,600,500,"bu","10:37:01",11846700
17450,600,10000,"sd","10:37:02",11856700
17450,600,100,"bu","10:37:07",11856800
17500,650,1000,"sd","10:37:10",11857800
17450,600,3000,"bu","10:37:14",11860800
17450,600,300,"sd","10:37:23",11861100
17450,600,500,"sd","10:37:28",11861600
17450,600,1700,"sd","10:37:30",11863300
17450,600,2000,"bu","10:37:38",11865300
17450,600,200,"bu","10:37:46",11865500
17450,600,5000,"sd","10:37:47",11870500
17450,600,2900,"bu","10:37:48",11873400
17450,600,6000,"bu","10:37:51",11879400
17450,600,800,"sd","10:37:52",11880200
17450,600,100,"bu","10:37:56",11880300
17450,600,10900,"bu","10:37:57",11891200
17450,600,1000,"bu","10:37:58",11892200
17450,600,2000,"bu","10:38:01",11894200
17500,650,5600,"sd","10:38:03",11899800
17450,600,200,"bu","10:38:06",11900000
17450,600,300,"sd","10:38:10",11900300
17450,600,5000,"bu","10:38:13",11905300
17450,600,400,"bu","10:38:16",11905700
17500,650,10000,"bu","10:38:22",11915700
17500,650,10000,"bu","10:38:23",11925700
17500,650,5100,"sd","10:38:30",11930800
17500,650,5200,"bu","10:38:32",11936000
17500,650,100,"bu","10:38:33",11936100
17500,650,30000,"bu","10:38:40",11966100
17450,600,200,"sd","10:38:42",11966300
17500,650,1200,"sd","10:38:43",11967500
17450,600,1000,"sd","10:38:45",11968500
17450,600,25000,"bu","10:38:47",11993500
17500,650,700,"sd","10:38:48",11994200
17450,600,300,"sd","10:38:49",11994500
17500,650,1000,"sd","10:38:50",11995500
17500,650,2000,"bu","10:38:51",11997500
17450,600,1400,"sd","10:38:53",11998900
17500,650,100,"bu","10:38:56",11999000
17450,600,600,"sd","10:38:58",11999600
17450,600,500,"bu","10:39:02",12000100
17450,600,100,"bu","10:39:06",12000200
17450,600,200,"bu","10:39:08",12000400
17500,650,300,"sd","10:39:10",12000700
17500,650,100,"bu","10:39:13",12000800
17500,650,200,"sd","10:39:14",12001000
17450,600,500,"bu","10:39:17",12001500
17450,600,50600,"sd","10:39:20",12052100
17500,650,100,"sd","10:39:24",12052200
17450,600,2000,"bu","10:39:26",12054200
17450,600,1400,"bu","10:39:29",12055600
17450,600,200,"bu","10:39:36",12055800
17450,600,4500,"bu","10:39:38",12060300
17450,600,5000,"bu","10:39:41",12065300
17500,650,3000,"bu","10:39:42",12068300
17450,600,100,"bu","10:39:43",12068400
17450,600,26500,"sd","10:39:46",12094900
17450,600,17000,"sd","10:39:47",12111900
17450,600,10000,"bu","10:39:54",12121900
17450,600,2900,"bu","10:39:59",12124800
17450,600,4700,"sd","10:40:01",12129500
17450,600,12500,"sd","10:40:02",12142000
17450,600,4500,"bu","10:40:03",12146500
17450,600,500,"sd","10:40:04",12147000
17450,600,3200,"sd","10:40:08",12150200
17450,600,1100,"bu","10:40:09",12151300
17450,600,4000,"bu","10:40:10",12155300
17450,600,3400,"sd","10:40:11",12158700
17500,650,10000,"bu","10:40:12",12168700
17450,600,1700,"sd","10:40:13",12170400
17450,600,44000,"sd","10:40:14",12214400
17450,600,6500,"sd","10:40:16",12220900
17450,600,500,"bu","10:40:17",12221400
17450,600,41700,"bu","10:40:18",12263100
17450,600,12700,"sd","10:40:22",12275800
17450,600,49000,"sd","10:40:23",12324800
17450,600,1600,"sd","10:40:25",12326400
17450,600,17000,"bu","10:40:26",12343400
17450,600,13000,"sd","10:40:29",12356400
17450,600,56100,"sd","10:40:31",12412500
17450,600,7000,"bu","10:40:32",12419500
17450,600,29400,"sd","10:40:33",12448900
17450,600,600,"bu","10:40:37",12449500
17450,600,100,"sd","10:40:38",12449600
17450,600,1600,"sd","10:40:43",12451200
17400,550,500,"bu","10:40:44",12451700
17450,600,1500,"sd","10:40:50",12453200
17450,600,500,"bu","10:40:51",12453700
17450,600,1000,"bu","10:40:53",12454700
17450,600,8500,"sd","10:40:58",12463200
17450,600,1100,"bu","10:41:03",12464300
17450,600,20000,"sd","10:41:05",12484300
17450,600,5000,"sd","10:41:06",12489300
17450,600,19000,"bu","10:41:07",12508300
17450,600,4200,"sd","10:41:17",12512500
17400,550,6500,"sd","10:41:22",12519000
17450,600,300,"sd","10:41:23",12519300
17450,600,3300,"bu","10:41:32",12522600
17450,600,3300,"sd","10:41:33",12525900
17400,550,7300,"sd","10:41:34",12533200
17400,550,800,"bu","10:41:36",12534000
17450,600,1000,"sd","10:41:42",12535000
17450,600,100,"bu","10:41:43",12535100
17400,550,6000,"bu","10:41:46",12541100
17450,600,400,"sd","10:41:47",12541500
17400,550,2000,"sd","10:41:53",12543500
17400,550,200,"bu","10:41:58",12543700
17400,550,11300,"bu","10:42:09",12555000
17450,600,100,"sd","10:42:10",12555100
17450,600,900,"bu","10:42:14",12556000
17400,550,1000,"bu","10:42:19",12557000
17450,600,900,"bu","10:42:20",12557900
17400,550,220000,"bu","10:42:22",12777900
17450,600,100,"sd","10:42:24",12778000
17400,550,5100,"bu","10:42:26",12783100
17450,600,5100,"bu","10:42:27",12788200
17400,550,102000,"sd","10:42:28",12890200
17400,550,1100,"sd","10:42:30",12891300
17400,550,1500,"bu","10:42:31",12892800
17400,550,2800,"bu","10:42:33",12895600
17400,550,800,"bu","10:42:34",12896400
17400,550,8100,"sd","10:42:35",12904500
17400,550,37900,"bu","10:42:37",12942400
17400,550,18200,"bu","10:42:39",12960600
17400,550,100,"sd","10:42:40",12960700
17400,550,1100,"bu","10:42:41",12961800
17400,550,1500,"bu","10:42:42",12963300
17400,550,82700,"sd","10:42:45",13046000
17400,550,1700,"bu","10:42:46",13047700
17400,550,97700,"bu","10:42:47",13145400
17400,550,51500,"bu","10:42:56",13196900
17400,550,16200,"bu","10:43:03",13213100
17400,550,3000,"bu","10:43:05",13216100
17400,550,5000,"bu","10:43:06",13221100
17400,550,20000,"sd","10:43:08",13241100
17400,550,4000,"bu","10:43:11",13245100
17400,550,1000,"bu","10:43:12",13246100
17400,550,29900,"bu","10:43:14",13276000
17400,550,33300,"bu","10:43:15",13309300
17400,550,3000,"bu","10:43:18",13312300
17400,550,2600,"bu","10:43:19",13314900
17400,550,2000,"sd","10:43:21",13316900
17400,550,1000,"sd","10:43:23",13317900
17400,550,5000,"bu","10:43:24",13322900
17400,550,3000,"sd","10:43:27",13325900
17400,550,11000,"bu","10:43:31",13336900
17450,600,5100,"bu","10:43:32",13342000
17400,550,1100,"bu","10:43:36",13343100
17400,550,18500,"bu","10:43:37",13361600
17400,550,5000,"sd","10:43:39",13366600
17400,550,1000,"sd","10:43:42",13367600
17400,550,11400,"bu","10:43:52",13379000
17400,550,300,"sd","10:43:53",13379300
17450,600,10200,"sd","10:43:57",13389500
17400,550,1000,"sd","10:44:05",13390500
17400,550,200,"sd","10:44:07",13390700
17400,550,17300,"sd","10:44:08",13408000
17400,550,3700,"sd","10:44:09",13411700
17400,550,38600,"sd","10:44:20",13450300
17400,550,10000,"sd","10:44:22",13460300
17400,550,50100,"bu","10:44:24",13510400
17400,550,117200,"bu","10:44:41",13627600
17400,550,900,"sd","10:44:42",13628500
17400,550,79500,"sd","10:44:44",13708000
17400,550,4000,"bu","10:44:45",13712000
17400,550,10200,"bu","10:45:01",13722200
17400,550,23400,"sd","10:45:02",13745600
17400,550,500,"bu","10:45:06",13746100
17400,550,52900,"bu","10:45:07",13799000
17400,550,2600,"sd","10:45:08",13801600
17400,550,30100,"sd","10:45:09",13831700
17400,550,1000,"bu","10:45:11",13832700
17400,550,4300,"sd","10:45:12",13837000
17400,550,200,"bu","10:45:15",13837200
17400,550,1400,"sd","10:45:17",13838600
17400,550,15900,"bu","10:45:18",13854500
17400,550,1800,"bu","10:45:24",13856300
17400,550,3000,"sd","10:45:25",13859300
17450,600,6300,"bu","10:45:28",13865600
17400,550,100,"sd","10:45:32",13865700
17400,550,1500,"bu","10:45:34",13867200
17400,550,500,"sd","10:45:35",13867700
17400,550,1000,"bu","10:45:36",13868700
17400,550,500,"bu","10:45:38",13869200
17400,550,2000,"bu","10:45:42",13871200
17400,550,100,"bu","10:45:46",13871300
17400,550,700,"bu","10:45:53",13872000
17400,550,1000,"bu","10:45:57",13873000
17450,600,100,"bu","10:45:59",13873100
17400,550,5300,"sd","10:46:03",13878400
17400,550,3000,"bu","10:46:06",13881400
17450,600,5400,"bu","10:46:08",13886800
17450,600,1000,"sd","10:46:11",13887800
17400,550,5200,"sd","10:46:13",13893000
17400,550,500,"bu","10:46:18",13893500
17450,600,100,"sd","10:46:20",13893600
17400,550,56600,"bu","10:46:27",13950200
17400,550,800,"bu","10:46:29",13951000
17400,550,6200,"sd","10:46:33",13957200
17400,550,100,"sd","10:46:34",13957300
17400,550,1000,"bu","10:46:37",13958300
17400,550,300,"bu","10:46:38",13958600
17400,550,1200,"sd","10:46:41",13959800
17400,550,500,"sd","10:46:42",13960300
17400,550,3600,"bu","10:46:44",13963900
17400,550,200,"sd","10:46:46",13964100
17400,550,11100,"bu","10:46:52",13975200
17400,550,300,"sd","10:46:55",13975500
17400,550,1100,"bu","10:46:57",13976600
17400,550,4800,"sd","10:46:59",13981400
17400,550,4500,"bu","10:47:00",13985900
17400,550,2500,"bu","10:47:04",13988400
17400,550,51300,"bu","10:47:06",14039700
17400,550,18000,"bu","10:47:08",14057700
17400,550,1000,"bu","10:47:09",14058700
17400,550,26400,"bu","10:47:16",14085100
17400,550,12900,"bu","10:47:17",14098000
17400,550,200,"bu","10:47:18",14098200
17400,550,100,"sd","10:47:20",14098300
17400,550,2000,"sd","10:47:22",14100300
17400,550,1100,"bu","10:47:26",14101400
17400,550,18000,"sd","10:47:30",14119400
17400,550,2000,"bu","10:47:32",14121400
17400,550,5800,"bu","10:47:35",14127200
17400,550,5000,"bu","10:47:36",14132200
17400,550,1200,"bu","10:47:41",14133400
17400,550,1000,"sd","10:47:45",14134400
17400,550,1200,"bu","10:47:51",14135600
17400,550,11200,"sd","10:48:12",14146800
17350,500,16000,"sd","10:48:16",14162800
17400,550,3600,"sd","10:48:17",14166400
17350,500,2000,"bu","10:48:19",14168400
17400,550,1000,"sd","10:48:20",14169400
17400,550,300,"sd","10:48:22",14169700
17400,550,2600,"bu","10:48:26",14172300
17400,550,1000,"bu","10:48:35",14173300
17400,550,500,"bu","10:48:36",14173800
17350,500,3300,"bu","10:48:37",14177100
17350,500,600,"sd","10:48:43",14177700
17400,550,1000,"bu","10:48:48",14178700
17400,550,2000,"sd","10:48:49",14180700
17400,550,200,"sd","10:48:55",14180900
17400,550,1500,"bu","10:49:04",14182400
17350,500,100,"bu","10:49:06",14182500
17400,550,3000,"sd","10:49:10",14185500
17350,500,1100,"bu","10:49:16",14186600
17400,550,1000,"bu","10:49:24",14187600
17400,550,600,"sd","10:49:27",14188200
17400,550,600,"sd","10:49:28",14188800
17400,550,500,"bu","10:49:37",14189300
17350,500,800,"sd","10:49:42",14190100
17400,550,1100,"bu","10:49:53",14191200
17400,550,1000,"sd","10:49:55",14192200
17350,500,3000,"bu","10:49:58",14195200
17400,550,2300,"sd","10:50:02",14197500
17400,550,2000,"sd","10:50:08",14199500
17350,500,800,"sd","10:50:10",14200300
17350,500,1200,"bu","10:50:12",14201500
17400,550,7000,"bu","10:50:13",14208500
17400,550,400,"bu","10:50:15",14208900
17400,550,1000,"bu","10:50:16",14209900
17400,550,500,"bu","10:50:19",14210400
17400,550,200,"sd","10:50:22",14210600
17400,550,300,"bu","10:50:30",14210900
17400,550,6500,"sd","10:50:31",14217400
17400,550,100,"bu","10:50:33",14217500
17400,550,2100,"sd","10:50:37",14219600
17400,550,1300,"sd","10:50:41",14220900
17400,550,1000,"bu","10:50:45",14221900
17400,550,200,"sd","10:50:48",14222100
17400,550,20300,"bu","10:50:49",14242400
17400,550,4600,"sd","10:50:52",14247000
17400,550,15200,"bu","10:50:53",14262200
17400,550,1500,"sd","10:50:56",14263700
17350,500,1900,"sd","10:50:57",14265600
17400,550,200,"bu","10:51:01",14265800
17400,550,2100,"sd","10:51:02",14267900
17400,550,100,"bu","10:51:09",14268000
17400,550,800,"bu","10:51:17",14268800
17400,550,91300,"bu","10:51:22",14360100
17400,550,500,"sd","10:51:27",14360600
17400,550,4000,"sd","10:51:28",14364600
17400,550,300,"sd","10:51:33",14364900
17350,500,20000,"bu","10:51:34",14384900
17400,550,1000,"sd","10:51:44",14385900
17400,550,1200,"bu","10:51:49",14387100
17400,550,1300,"sd","10:52:08",14388400
17400,550,4000,"bu","10:52:11",14392400
17350,500,900,"bu","10:52:12",14393300
17400,550,6000,"sd","10:52:32",14399300
17400,550,6000,"sd","10:52:35",14405300
17400,550,300,"sd","10:52:41",14405600
17400,550,4000,"bu","10:52:58",14409600
17350,500,12100,"bu","10:53:01",14421700
17400,550,100,"sd","10:53:03",14421800
17400,550,12200,"bu","10:53:13",14434000
17400,550,100,"sd","10:53:14",14434100
17350,500,1000,"sd","10:53:15",14435100
17400,550,1100,"sd","10:53:24",14436200
17350,500,2200,"sd","10:53:40",14438400
17350,500,15500,"bu","10:53:43",14453900
17350,500,400,"sd","10:53:48",14454300
17350,500,2700,"sd","10:53:55",14457000
17400,550,400,"sd","10:53:56",14457400
17350,500,1000,"bu","10:54:03",14458400
17400,550,200,"sd","10:54:04",14458600
17350,500,5000,"sd","10:54:06",14463600
17350,500,100,"bu","10:54:14",14463700
17400,550,1900,"bu","10:54:17",14465600
17400,550,4000,"bu","10:54:18",14469600
17350,500,5000,"bu","10:54:19",14474600
17350,500,100,"bu","10:54:23",14474700
17400,550,1000,"bu","10:54:24",14475700
17350,500,3000,"bu","10:54:32",14478700
17350,500,900,"sd","10:54:34",14479600
17400,550,100,"bu","10:54:49",14479700
17350,500,10000,"sd","10:54:50",14489700
17350,500,100,"bu","10:54:54",14489800
17350,500,600,"bu","10:54:57",14490400
17400,550,1400,"sd","10:55:01",14491800
17350,500,3600,"bu","10:55:03",14495400
17350,500,1000,"sd","10:55:04",14496400
17350,500,10000,"bu","10:55:08",14506400
17400,550,2500,"sd","10:55:19",14508900
17350,500,30000,"sd","10:55:22",14538900
17350,500,3500,"sd","10:55:27",14542400
17350,500,1100,"bu","10:55:29",14543500
17350,500,100,"sd","10:55:32",14543600
17350,500,3200,"bu","10:55:38",14546800
17350,500,100,"bu","10:55:39",14546900
17350,500,400,"sd","10:55:44",14547300
17350,500,100,"bu","10:55:47",14547400
17400,550,20100,"sd","10:55:51",14567500
17400,550,100,"sd","10:55:52",14567600
17350,500,5000,"sd","10:55:57",14572600
17350,500,300,"bu","10:55:58",14572900
17400,550,700,"sd","10:56:10",14573600
17400,550,100,"sd","10:56:19",14573700
17400,550,600,"sd","10:56:23",14574300
17350,500,5000,"sd","10:56:32",14579300
17350,500,5000,"bu","10:56:33",14584300
17350,500,3000,"sd","10:56:58",14587300
17350,500,4100,"bu","10:57:02",14591400
17350,500,600,"sd","10:57:05",14592000
17350,500,1000,"sd","10:57:11",14593000
17350,500,1100,"bu","10:57:13",14594100
17350,500,2900,"bu","10:57:15",14597000
17350,500,1000,"bu","10:57:16",14598000
17350,500,2000,"bu","10:57:17",14600000
17350,500,5500,"sd","10:57:21",14605500
17350,500,10000,"sd","10:57:24",14615500
17350,500,1000,"bu","10:57:26",14616500
17350,500,12000,"bu","10:57:43",14628500
17350,500,100,"bu","10:57:47",14628600
17350,500,2000,"sd","10:58:06",14630600
17350,500,100,"bu","10:58:08",14630700
17350,500,5000,"bu","10:58:18",14635700
17350,500,100,"bu","10:58:24",14635800
17350,500,10400,"sd","10:58:27",14646200
17350,500,100,"sd","10:58:28",14646300
17350,500,1000,"bu","10:58:29",14647300
17350,500,3000,"sd","10:58:31",14650300
17350,500,8000,"bu","10:58:35",14658300
17350,500,100,"bu","10:58:38",14658400
17400,550,1000,"sd","10:58:48",14659400
17350,500,1000,"sd","10:58:49",14660400
17350,500,2000,"sd","10:58:56",14662400
17350,500,3000,"bu","10:58:57",14665400
17400,550,4600,"bu","10:59:14",14670000
17350,500,1000,"sd","10:59:18",14671000
17350,500,200,"sd","10:59:21",14671200
17350,500,200,"bu","10:59:23",14671400
17350,500,4100,"bu","10:59:33",14675500
17350,500,2800,"sd","10:59:36",14678300
17350,500,3000,"bu","10:59:40",14681300
17350,500,300,"sd","10:59:43",14681600
17350,500,3000,"bu","10:59:46",14684600
17350,500,1600,"sd","10:59:57",14686200
17350,500,5000,"bu","10:59:59",14691200
17350,500,2000,"sd","11:00:01",14693200
17350,500,300,"bu","11:00:02",14693500
17350,500,1000,"bu","11:00:03",14694500
17350,500,200,"bu","11:00:05",14694700
17350,500,2000,"sd","11:00:06",14696700
17350,500,200,"sd","11:00:14",14696900
17400,550,1400,"sd","11:00:20",14698300
17350,500,200,"sd","11:00:22",14698500
17350,500,500,"bu","11:00:41",14699000
17400,550,1000,"bu","11:00:45",14700000
17350,500,4300,"bu","11:00:49",14704300
17350,500,500,"sd","11:00:53",14704800
17350,500,700,"sd","11:01:06",14705500
17350,500,1000,"bu","11:01:09",14706500
17350,500,11800,"bu","11:01:13",14718300
17350,500,2000,"sd","11:01:24",14720300
17350,500,3000,"sd","11:01:30",14723300
17400,550,500,"sd","11:01:31",14723800
17350,500,10600,"sd","11:01:39",14734400
17350,500,1700,"sd","11:01:46",14736100
17400,550,100,"sd","11:01:50",14736200
17350,500,600,"sd","11:02:04",14736800
17400,550,1600,"sd","11:02:06",14738400
17400,550,5000,"bu","11:02:09",14743400
17400,550,600,"bu","11:02:15",14744000
17350,500,3000,"sd","11:02:16",14747000
17400,550,30000,"sd","11:02:20",14777000
17400,550,600,"sd","11:02:23",14777600
17400,550,1000,"bu","11:02:26",14778600
17350,500,500,"bu","11:02:27",14779100
17400,550,40900,"bu","11:02:39",14820000
17350,500,2000,"bu","11:02:42",14822000
17350,500,2500,"sd","11:02:48",14824500
17400,550,1700,"bu","11:02:54",14826200
17400,550,2500,"bu","11:02:55",14828700
17400,550,6400,"sd","11:02:56",14835100
17400,550,1000,"bu","11:02:59",14836100
17400,550,22000,"bu","11:03:19",14858100
17400,550,1700,"bu","11:03:23",14859800
17400,550,12000,"sd","11:03:28",14871800
17400,550,50500,"sd","11:03:29",14922300
17400,550,800,"bu","11:03:33",14923100
17400,550,500,"bu","11:03:35",14923600
17400,550,200,"sd","11:03:36",14923800
17350,500,3000,"bu","11:03:37",14926800
17400,550,16100,"sd","11:03:40",14942900
17400,550,24400,"bu","11:03:42",14967300
17400,550,100,"sd","11:03:43",14967400
17400,550,4300,"bu","11:03:44",14971700
17400,550,1200,"bu","11:03:48",14972900
17400,550,200,"sd","11:03:52",14973100
17400,550,1000,"sd","11:03:55",14974100
17400,550,600,"sd","11:04:01",14974700
17400,550,500,"sd","11:04:08",14975200
17400,550,51800,"sd","11:04:10",15027000
17400,550,500,"bu","11:04:14",15027500
17400,550,2000,"bu","11:04:16",15029500
17400,550,3500,"bu","11:04:24",15033000
17400,550,31700,"bu","11:04:28",15064700
17400,550,50000,"sd","11:04:29",15114700
17400,550,220100,"bu","11:04:32",15334800
17400,550,22300,"sd","11:04:34",15357100
17400,550,17000,"sd","11:04:35",15374100
17400,550,13400,"sd","11:04:37",15387500
17400,550,100,"bu","11:04:40",15387600
17350,500,32000,"sd","11:04:41",15419600
17400,550,500,"bu","11:04:44",15420100
17400,550,2300,"sd","11:04:45",15422400
17400,550,1000,"sd","11:04:50",15423400
17450,600,100,"bu","11:04:53",15423500
17400,550,700,"bu","11:05:03",15424200
17400,550,700,"bu","11:05:07",15424900
17400,550,200,"sd","11:05:09",15425100
17400,550,500,"sd","11:05:21",15425600
17400,550,2000,"bu","11:05:30",15427600
17400,550,100,"bu","11:05:43",15427700
17400,550,1400,"bu","11:05:45",15429100
17400,550,100,"sd","11:05:46",15429200
17400,550,300,"bu","11:05:50",15429500
17450,600,1000,"bu","11:05:52",15430500
17400,550,200,"bu","11:05:53",15430700
17400,550,500,"sd","11:05:54",15431200
17400,550,1800,"bu","11:05:56",15433000
17400,550,5000,"sd","11:05:59",15438000
17400,550,300,"bu","11:06:06",15438300
17400,550,10000,"sd","11:06:10",15448300
17400,550,1000,"bu","11:06:12",15449300
17450,600,200,"bu","11:06:14",15449500
17450,600,2100,"bu","11:06:17",15451600
17400,550,1000,"sd","11:06:18",15452600
17400,550,1500,"sd","11:06:20",15454100
17400,550,2000,"bu","11:06:21",15456100
17400,550,800,"bu","11:06:23",15456900
17450,600,5700,"sd","11:06:33",15462600
17400,550,400,"sd","11:06:39",15463000
17400,550,21000,"sd","11:06:48",15484000
17400,550,1100,"bu","11:06:56",15485100
17400,550,1000,"sd","11:06:57",15486100
17400,550,12400,"bu","11:07:04",15498500
17400,550,1000,"bu","11:07:06",15499500
17400,550,3500,"bu","11:07:07",15503000
17400,550,6000,"bu","11:07:09",15509000
17400,550,1700,"bu","11:07:15",15510700
17400,550,16100,"sd","11:07:22",15526800
17400,550,1100,"sd","11:07:23",15527900
17450,600,29600,"sd","11:07:26",15557500
17400,550,4500,"sd","11:07:31",15562000
17400,550,500,"sd","11:07:34",15562500
17400,550,200,"bu","11:07:37",15562700
17400,550,10100,"sd","11:07:39",15572800
17400,550,400,"sd","11:07:40",15573200
17400,550,2000,"sd","11:07:47",15575200
17400,550,5200,"sd","11:07:50",15580400
17400,550,100,"bu","11:07:51",15580500
17400,550,300,"sd","11:07:57",15580800
17400,550,500,"sd","11:08:01",15581300
17400,550,5000,"bu","11:08:05",15586300
17400,550,7000,"bu","11:08:11",15593300
17400,550,500,"bu","11:08:14",15593800
17400,550,10000,"sd","11:08:16",15603800
17400,550,3200,"sd","11:08:17",15607000
17400,550,1000,"bu","11:08:18",15608000
17400,550,4500,"bu","11:08:20",15612500
17400,550,400,"sd","11:08:21",15612900
17400,550,10800,"sd","11:08:29",15623700
17400,550,10000,"sd","11:08:33",15633700
17400,550,9400,"bu","11:08:37",15643100
17400,550,22800,"sd","11:08:53",15665900
17400,550,9900,"bu","11:08:54",15675800
17400,550,2100,"bu","11:08:56",15677900
17400,550,1000,"sd","11:08:57",15678900
17400,550,200,"sd","11:09:00",15679100
17400,550,4300,"bu","11:09:06",15683400
17400,550,200,"sd","11:09:12",15683600
17400,550,2000,"bu","11:09:22",15685600
17350,500,100,"sd","11:09:26",15685700
17350,500,300,"bu","11:09:27",15686000
17400,550,100,"bu","11:09:28",15686100
17400,550,7000,"bu","11:09:34",15693100
17400,550,4400,"bu","11:09:39",15697500
17400,550,1500,"sd","11:09:40",15699000
17400,550,5000,"sd","11:09:57",15704000
17400,550,1000,"sd","11:10:07",15705000
17400,550,5000,"sd","11:10:12",15710000
17400,550,300,"sd","11:10:14",15710300
17400,550,200,"bu","11:10:17",15710500
17400,550,1200,"sd","11:10:18",15711700
17400,550,300,"bu","11:10:19",15712000
17400,550,10000,"sd","11:10:21",15722000
17400,550,500,"bu","11:10:24",15722500
17400,550,1000,"sd","11:10:27",15723500
17400,550,4000,"sd","11:10:35",15727500
17400,550,700,"bu","11:10:48",15728200
17400,550,100,"bu","11:11:15",15728300
17400,550,6300,"sd","11:11:21",15734600
17400,550,1000,"sd","11:11:23",15735600
17400,550,1500,"sd","11:11:25",15737100
17400,550,4300,"sd","11:11:29",15741400
17400,550,500,"sd","11:11:30",15741900
17400,550,200,"sd","11:11:36",15742100
17400,550,1000,"sd","11:11:37",15743100
17400,550,1500,"sd","11:11:42",15744600
17400,550,10000,"sd","11:11:43",15754600
17400,550,20000,"bu","11:11:46",15774600
17400,550,600,"sd","11:11:52",15775200
17350,500,2100,"bu","11:11:54",15777300
17350,500,2100,"bu","11:12:09",15779400
17400,550,1000,"sd","11:12:13",15780400
17400,550,15000,"bu","11:12:15",15795400
17400,550,1600,"bu","11:12:32",15797000
17400,550,1000,"sd","11:12:38",15798000
17400,550,200,"bu","11:12:43",15798200
17400,550,500,"sd","11:12:57",15798700
17400,550,600,"bu","11:13:09",15799300
17400,550,500,"sd","11:13:10",15799800
17400,550,500,"bu","11:13:11",15800300
17400,550,100,"bu","11:13:23",15800400
17400,550,300,"sd","11:13:26",15800700
17400,550,3000,"bu","11:13:33",15803700
17400,550,500,"sd","11:13:34",15804200
17400,550,1000,"bu","11:13:54",15805200
17400,550,300,"sd","11:14:02",15805500
17400,550,500,"sd","11:14:15",15806000
17400,550,600,"bu","11:14:26",15806600
17400,550,2000,"sd","11:14:30",15808600
17400,550,1000,"bu","11:14:33",15809600
17400,550,100,"bu","11:14:36",15809700
17400,550,8100,"bu","11:14:37",15817800
17400,550,500,"sd","11:14:41",15818300
17350,500,3000,"bu","11:14:48",15821300
17400,550,100,"bu","11:14:53",15821400
17400,550,1400,"bu","11:15:04",15822800
17400,550,1200,"sd","11:15:05",15824000
17350,500,100,"sd","11:15:07",15824100
17350,500,400,"bu","11:15:11",15824500
17400,550,100,"bu","11:15:28",15824600
17350,500,500,"sd","11:15:34",15825100
17350,500,100,"sd","11:16:04",15825200
17350,500,1000,"bu","11:16:25",15826200
17350,500,100,"sd","11:16:32",15826300
17400,550,3000,"sd","11:16:36",15829300
17350,500,100,"sd","11:16:47",15829400
17350,500,600,"bu","11:17:33",15830000
17400,550,1000,"bu","11:17:36",15831000
17400,550,2000,"bu","11:17:50",15833000
17350,500,100,"bu","11:17:55",15833100
17400,550,2200,"sd","11:18:10",15835300
17400,550,100,"bu","11:18:14",15835400
17400,550,1000,"bu","11:18:19",15836400
17400,550,200,"sd","11:18:22",15836600
17400,550,1000,"sd","11:18:25",15837600
17350,500,100,"bu","11:18:59",15837700
17400,550,500,"sd","11:19:00",15838200
17400,550,100,"sd","11:19:09",15838300
17350,500,6000,"sd","11:19:13",15844300
17400,550,2500,"bu","11:19:15",15846800
17350,500,100,"bu","11:19:23",15846900
17350,500,5400,"sd","11:19:24",15852300
17400,550,3000,"sd","11:19:25",15855300
17350,500,100,"bu","11:19:41",15855400
17350,500,500,"bu","11:19:44",15855900
17400,550,2000,"sd","11:20:04",15857900
17400,550,5000,"bu","11:20:26",15862900
17400,550,600,"bu","11:20:28",15863500
17400,550,100,"bu","11:20:39",15863600
17400,550,9000,"bu","11:20:44",15872600
17400,550,200,"sd","11:20:54",15872800
17400,550,100,"sd","11:20:57",15872900
17400,550,6000,"bu","11:21:06",15878900
17400,550,4300,"bu","11:21:09",15883200
17400,550,2000,"bu","11:21:33",15885200
17400,550,1200,"bu","11:21:34",15886400
17400,550,500,"bu","11:21:44",15886900
17400,550,1000,"bu","11:21:45",15887900
17400,550,100,"bu","11:21:47",15888000
17400,550,6000,"sd","11:21:55",15894000
17400,550,300,"sd","11:21:56",15894300
17400,550,1400,"sd","11:22:01",15895700
17350,500,1100,"bu","11:22:04",15896800
17350,500,2400,"bu","11:22:08",15899200
17350,500,1000,"bu","11:22:11",15900200
17350,500,1500,"bu","11:22:14",15901700
17350,500,600,"sd","11:22:16",15902300
17400,550,1500,"sd","11:22:24",15903800
17350,500,6000,"sd","11:22:34",15909800
17400,550,1000,"sd","11:22:35",15910800
17350,500,10000,"bu","11:22:48",15920800
17400,550,1000,"bu","11:22:50",15921800
17400,550,2700,"bu","11:23:14",15924500
17350,500,500,"sd","11:23:17",15925000
17350,500,300,"sd","11:23:24",15925300
17400,550,19000,"sd","11:23:29",15944300
17400,550,500,"sd","11:23:38",15944800
17400,550,1300,"sd","11:23:44",15946100
17400,550,1600,"sd","11:23:46",15947700
17350,500,200,"bu","11:23:49",15947900
17350,500,2000,"sd","11:23:52",15949900
17350,500,3000,"sd","11:23:58",15952900
17350,500,100000,"bu","11:24:12",16052900
17400,550,300,"sd","11:24:14",16053200
17400,550,500,"sd","11:24:28",16053700
17350,500,51000,"bu","11:24:30",16104700
17350,500,500,"bu","11:24:49",16105200
17350,500,5000,"sd","11:24:57",16110200
17350,500,400,"sd","11:25:02",16110600
17350,500,1000,"bu","11:25:04",16111600
17350,500,500,"bu","11:25:07",16112100
17400,550,800,"bu","11:25:11",16112900
17350,500,1500,"bu","11:25:27",16114400
17400,550,300,"bu","11:25:29",16114700
17400,550,300,"sd","11:25:30",16115000
17350,500,45000,"bu","11:25:42",16160000
17400,550,2000,"bu","11:25:47",16162000
17350,500,3000,"sd","11:25:51",16165000
17350,500,400,"bu","11:26:17",16165400
17350,500,6000,"bu","11:26:20",16171400
17400,550,300,"sd","11:26:26",16171700
17350,500,1500,"sd","11:26:35",16173200
17400,550,500,"bu","11:26:48",16173700
17400,550,300,"sd","11:26:54",16174000
17350,500,2400,"sd","11:26:56",16176400
17350,500,1000,"bu","11:27:00",16177400
17350,500,3700,"bu","11:27:19",16181100
17350,500,10000,"bu","11:27:27",16191100
17350,500,2000,"sd","11:27:28",16193100
17350,500,2500,"sd","11:27:34",16195600
17350,500,200,"sd","11:27:40",16195800
17350,500,2000,"sd","11:27:45",16197800
17350,500,3800,"sd","11:27:47",16201600
17350,500,300,"bu","11:27:49",16201900
17350,500,200,"bu","11:27:56",16202100
17350,500,6700,"bu","11:27:57",16208800
17400,550,2000,"sd","11:28:12",16210800
17350,500,12000,"bu","11:28:15",16222800
17350,500,2000,"sd","11:28:26",16224800
17400,550,1200,"sd","11:28:27",16226000
17350,500,1000,"sd","11:28:31",16227000
17350,500,300,"sd","11:28:36",16227300
17400,550,100,"bu","11:28:38",16227400
17350,500,1000,"sd","11:28:41",16228400
17350,500,100,"bu","11:28:44",16228500
17350,500,400,"bu","11:28:50",16228900
17350,500,100,"sd","11:28:55",16229000
17400,550,2000,"bu","11:28:57",16231000
17400,550,1000,"bu","11:28:58",16232000
17350,500,1000,"bu","11:29:00",16233000
17350,500,100,"sd","11:29:01",16233100
17350,500,1000,"sd","11:29:14",16234100
17350,500,6500,"bu","11:29:32",16240600
17400,550,200,"bu","11:29:34",16240800
17350,500,2000,"sd","11:29:37",16242800
17400,550,2000,"bu","11:29:43",16244800
17350,500,66000,"bu","11:29:54",16310800
17400,550,2200,"bu","11:30:03",16313000
17400,550,51200,"sd","13:00:19",16364200
17400,550,11500,"sd","13:00:20",16375700
17400,550,1000,"sd","13:00:22",16376700
17350,500,5400,"bu","13:00:25",16382100
17400,550,100,"bu","13:00:26",16382200
17400,550,75300,"bu","13:00:31",16457500
17400,550,1600,"bu","13:00:32",16459100
17400,550,1000,"bu","13:00:33",16460100
17350,500,100,"sd","13:00:34",16460200
17350,500,91000,"sd","13:00:37",16551200
17400,550,1000,"sd","13:00:38",16552200
17400,550,200,"sd","13:00:40",16552400
17400,550,6300,"sd","13:00:41",16558700
17400,550,1300,"sd","13:00:43",16561700
17400,550,3700,"sd","13:00:44",16565400
17350,500,1700,"sd","13:00:45",16567100
17400,550,1700,"sd","13:00:49",16568800
17400,550,38000,"sd","13:00:50",16606800
17400,550,10700,"sd","13:00:51",16617500
17350,500,1100,"sd","13:00:52",16618600
17400,550,3500,"sd","13:00:53",16622100
17400,550,8400,"sd","13:00:55",16630500
17400,550,1000,"bu","13:00:57",16631500
17400,550,3600,"bu","13:01:03",16635100
17400,550,2200,"bu","13:01:06",16637300
17350,500,100,"bu","13:01:07",16637400
17400,550,500,"sd","13:01:08",16637900
17400,550,1700,"sd","13:01:10",16639600
17400,550,8200,"bu","13:01:11",16647800
17400,550,1900,"sd","13:01:12",16649700
17400,550,300,"sd","13:01:18",16650000
17350,500,18600,"sd","13:01:21",16668600
17350,500,8400,"bu","13:01:22",16677000
17350,500,1100,"sd","13:01:25",16678100
17400,550,1000,"sd","13:01:26",16679100
17350,500,6500,"bu","13:01:28",16685600
17350,500,9300,"bu","13:01:40",16694900
17350,500,5000,"sd","13:01:43",16699900
17350,500,20100,"bu","13:01:45",16720000
17350,500,1700,"sd","13:01:51",16721700
17350,500,9000,"bu","13:01:53",16730700
17350,500,1500,"bu","13:02:00",16732200
17350,500,150000,"sd","13:02:01",16882200
17350,500,2200,"bu","13:02:04",16884400
17350,500,400,"sd","13:02:09",16884800
17350,500,1400,"bu","13:02:16",16886200
17350,500,900,"sd","13:02:25",16887100
17400,550,1200,"bu","13:02:30",16888300
17350,500,600,"bu","13:02:32",16888900
17350,500,500,"bu","13:02:39",16889400
17350,500,1000,"bu","13:02:44",16890400
17350,500,10000,"sd","13:02:47",16900400
17350,500,100,"sd","13:02:51",16900500
17350,500,4000,"sd","13:02:55",16904500
17350,500,3000,"bu","13:02:58",16907500
17350,500,1700,"bu","13:03:03",16909200
17350,500,200,"sd","13:03:05",16909400
17350,500,1300,"bu","13:03:06",16910700
17350,500,800,"bu","13:03:08",16911500
17350,500,17000,"sd","13:03:13",16928500
17350,500,35200,"sd","13:03:19",16963700
17400,550,32000,"sd","13:03:21",16995700
17350,500,300,"bu","13:03:23",16996000
17400,550,1900,"sd","13:03:29",16997900
17350,500,100,"bu","13:03:31",16998000
17350,500,25200,"sd","13:03:33",17023200
17350,500,200,"bu","13:03:44",17023400
17350,500,1000,"bu","13:03:47",17024400
17350,500,3000,"bu","13:03:50",17027400
17350,500,100,"bu","13:03:55",17027500
17350,500,300,"sd","13:04:02",17027800
17350,500,1100,"bu","13:04:03",17028900
17350,500,1500,"bu","13:04:08",17030400
17350,500,100,"sd","13:04:18",17030500
17350,500,500,"sd","13:04:20",17031000
17350,500,5000,"bu","13:04:21",17036000
17350,500,1400,"bu","13:04:31",17037400
17350,500,300,"bu","13:04:34",17037700
17350,500,2500,"sd","13:04:37",17040200
17350,500,500,"bu","13:04:40",17040700
17350,500,1000,"sd","13:04:42",17041700
17350,500,900,"bu","13:04:47",17042600
17350,500,10900,"bu","13:04:52",17053500
17350,500,300,"sd","13:04:53",17053800
17350,500,500,"sd","13:04:58",17054300
17350,500,200,"sd","13:05:18",17054500
17350,500,1000,"sd","13:05:20",17055500
17350,500,2000,"bu","13:05:21",17057500
17350,500,100,"bu","13:05:36",17057600
17350,500,1000,"bu","13:05:38",17058600
17350,500,100,"sd","13:05:41",17058700
17350,500,40000,"bu","13:05:43",17098700
17350,500,26000,"bu","13:05:50",17124700
17350,500,8300,"sd","13:05:51",17133000
17350,500,700,"sd","13:05:59",17133700
17350,500,500,"sd","13:06:12",17134200
17350,500,100,"bu","13:06:14",17134300
17350,500,6000,"sd","13:06:15",17140300
17350,500,1000,"sd","13:06:20",17141300
17350,500,25500,"bu","13:06:22",17166800
17350,500,31000,"bu","13:06:25",17197800
17350,500,5500,"sd","13:06:27",17203300
17350,500,700,"sd","13:06:30",17204000
17350,500,500,"bu","13:06:32",17204500
17350,500,2200,"sd","13:06:37",17206700
17350,500,500,"bu","13:06:40",17207200
17350,500,10000,"sd","13:06:43",17217200
17350,500,7500,"bu","13:06:44",17224700
17350,500,15900,"bu","13:06:46",17240600
17350,500,1000,"sd","13:06:51",17241600
17350,500,700,"sd","13:06:52",17242300
17350,500,1800,"bu","13:06:54",17244100
17350,500,700,"sd","13:06:57",17244800
17350,500,1000,"sd","13:06:59",17245800
17350,500,700,"bu","13:07:00",17246500
17350,500,1000,"sd","13:07:03",17247500
17350,500,100,"bu","13:07:06",17247600
17350,500,600,"sd","13:07:10",17248200
17350,500,100,"bu","13:07:17",17248300
17350,500,11000,"bu","13:07:26",17259300
17350,500,1000,"sd","13:07:34",17260300
17350,500,200,"sd","13:07:41",17260500
17350,500,500,"sd","13:08:07",17261000
17350,500,1000,"sd","13:08:10",17262000
17350,500,3000,"bu","13:08:27",17265000
17350,500,7200,"sd","13:08:35",17272200
17400,550,500,"bu","13:08:49",17272700
17400,550,2100,"bu","13:08:51",17274800
17350,500,200,"sd","13:09:03",17275000
17350,500,3000,"bu","13:09:10",17278000
17400,550,100,"sd","13:09:27",17278100
17350,500,7000,"sd","13:09:39",17285100
17400,550,100,"bu","13:09:44",17285200
17350,500,9000,"bu","13:09:48",17294200
17350,500,100,"sd","13:09:53",17294300
17400,550,600,"bu","13:09:59",17294900
17350,500,2500,"sd","13:10:02",17297400
17350,500,500,"sd","13:10:04",17297900
17400,550,100,"bu","13:10:07",17298000
17350,500,1200,"bu","13:10:21",17299200
17350,500,500,"bu","13:10:28",17299700
17350,500,200,"bu","13:10:30",17299900
17350,500,3600,"bu","13:10:53",17303500
17350,500,300,"sd","13:10:58",17303800
17350,500,500,"sd","13:11:03",17304300
17350,500,700,"bu","13:11:18",17305000
17350,500,1000,"bu","13:11:23",17306000
17350,500,100,"sd","13:11:25",17306100
17400,550,5000,"bu","13:11:27",17311100
17400,550,800,"bu","13:11:28",17311900
17400,550,2000,"sd","13:11:37",17313900
17400,550,1000,"bu","13:11:42",17314900
17400,550,100,"bu","13:11:43",17315000
17350,500,700,"sd","13:12:11",17315700
17350,500,5500,"sd","13:12:25",17321200
17350,500,500,"bu","13:12:35",17321700
17350,500,100,"sd","13:12:46",17321800
17350,500,800,"bu","13:12:52",17322600
17400,550,7000,"bu","13:12:54",17329600
17400,550,200,"bu","13:12:57",17329800
17350,500,5000,"sd","13:13:13",17334800
17350,500,500,"bu","13:13:14",17335300
17350,500,500,"sd","13:13:27",17335800
17400,550,2000,"sd","13:13:35",17337800
17350,500,9000,"sd","13:13:42",17346800
17400,550,100,"sd","13:13:43",17346900
17350,500,400,"sd","13:13:50",17347300
17350,500,500,"sd","13:13:59",17347800
17350,500,1000,"bu","13:14:11",17348800
17350,500,200,"bu","13:14:13",17349000
17350,500,1000,"sd","13:14:21",17350000
17350,500,1200,"sd","13:14:37",17351200
17350,500,1000,"bu","13:14:40",17352200
17350,500,500,"bu","13:14:48",17352700
17350,500,200,"sd","13:14:54",17352900
17350,500,100,"bu","13:14:55",17353000
17350,500,700,"bu","13:14:57",17353700
17350,500,3000,"bu","13:14:58",17356700
17350,500,500,"bu","13:15:02",17357200
17350,500,200,"sd","13:15:08",17357400
17350,500,1200,"sd","13:15:26",17358600
17350,500,100,"bu","13:15:31",17358700
17400,550,200,"sd","13:15:33",17358900
17350,500,2000,"sd","13:15:50",17360900
17350,500,2000,"bu","13:15:53",17362900
17350,500,500,"bu","13:15:58",17363400
17350,500,5500,"bu","13:16:02",17368900
17350,500,2200,"bu","13:16:13",17371100
17400,550,1100,"bu","13:16:39",17372200
17350,500,3000,"bu","13:16:53",17375200
17400,550,11600,"bu","13:17:00",17386800
17350,500,3700,"sd","13:17:09",17390500
17350,500,2000,"sd","13:17:10",17392500
17400,550,2800,"bu","13:17:12",17395300
17350,500,5000,"sd","13:17:15",17400300
17350,500,400,"sd","13:17:18",17400700
17400,550,17000,"sd","13:17:30",17417700
17350,500,200,"bu","13:17:32",17417900
17400,550,300,"bu","13:17:41",17418200
17350,500,800,"sd","13:18:02",17419000
17400,550,900,"sd","13:18:04",17419900
17350,500,100,"bu","13:18:13",17420000
17350,500,5100,"sd","13:18:23",17425100
17400,550,300,"sd","13:18:27",17425400
17350,500,31000,"bu","13:18:48",17456400
17350,500,3100,"sd","13:19:00",17459500
17400,550,600,"sd","13:19:05",17460100
17350,500,1500,"bu","13:19:08",17461600
17350,500,100,"bu","13:19:18",17461700
17350,500,13000,"bu","13:19:20",17474700
17350,500,2000,"sd","13:19:22",17476700
17350,500,600,"bu","13:19:24",17477300
17350,500,20200,"sd","13:19:26",17497500
17350,500,1000,"sd","13:19:27",17498500
17350,500,30200,"sd","13:19:29",17528700
17350,500,8000,"bu","13:19:31",17536700
17350,500,11500,"sd","13:19:33",17548200
17350,500,5000,"bu","13:19:43",17553200
17350,500,3500,"bu","13:19:47",17556700
17350,500,2000,"bu","13:19:50",17558700
17350,500,37100,"bu","13:19:55",17595800
17350,500,19600,"sd","13:19:56",17615400
17350,500,19000,"sd","13:19:58",17634400
17350,500,2000,"sd","13:20:00",17636400
17350,500,1700,"sd","13:20:02",17638100
17350,500,11000,"bu","13:20:04",17649100
17350,500,156500,"bu","13:20:06",17805600
17350,500,100500,"bu","13:20:07",17906100
17350,500,25600,"bu","13:20:09",17931700
17350,500,2000,"sd","13:20:11",17933700
17350,500,7600,"sd","13:20:13",17941300
17350,500,12000,"sd","13:20:15",17953300
17350,500,11000,"sd","13:20:16",17964300
17350,500,5000,"bu","13:20:18",17969300
17350,500,700,"sd","13:20:20",17970000
17350,500,700,"bu","13:20:22",17970700
17350,500,2000,"bu","13:20:32",17972700
17350,500,1000,"sd","13:20:34",17973700
17350,500,200,"sd","13:20:38",17973900
17350,500,500,"sd","13:20:47",17974400
17350,500,400,"bu","13:20:51",17974800
17350,500,1000,"bu","13:20:53",17975800
17350,500,200,"bu","13:21:08",17976000
17350,500,200,"bu","13:21:10",17976200
17350,500,2000,"bu","13:21:15",17978200
17350,500,7000,"bu","13:21:46",17985200
17350,500,2800,"bu","13:21:55",17988000
17300,450,500,"sd","13:22:12",17988500
17350,500,1000,"bu","13:22:21",17989500
17300,450,297300,"sd","13:22:24",18286800
17350,500,245200,"bu","13:22:26",18532000
17300,450,5000,"sd","13:22:39",18537000
17350,500,400,"bu","13:22:43",18537400
17300,450,4000,"bu","13:22:49",18541400
17350,500,300,"sd","13:22:54",18541700
17350,500,4700,"bu","13:22:56",18546400
17300,450,2000,"sd","13:23:15",18548400
17350,500,1200,"bu","13:23:17",18549600
17300,450,2600,"bu","13:23:19",18552200
17350,500,22000,"bu","13:23:41",18574200
17300,450,1000,"sd","13:23:45",18575200
17300,450,10000,"sd","13:23:48",18585200
17300,450,2000,"sd","13:23:50",18587200
17300,450,50000,"sd","13:23:54",18637200
17350,500,10000,"sd","13:23:58",18647200
17300,450,1000,"bu","13:24:05",18648200
17350,500,5000,"sd","13:24:09",18653200
17350,500,14900,"sd","13:24:20",18668100
17300,450,100,"sd","13:24:22",18668200
17300,450,500,"sd","13:24:24",18668700
17300,450,12000,"sd","13:24:27",18680700
17300,450,300,"bu","13:24:29",18681000
17300,450,4600,"sd","13:24:31",18685600
17350,500,800,"bu","13:24:35",18686400
17300,450,100,"sd","13:24:40",18686500
17300,450,228000,"bu","13:24:53",18914500
17300,450,1500,"sd","13:24:55",18916000
17300,450,2000,"bu","13:24:57",18918000
17300,450,12400,"sd","13:25:05",18930400
17300,450,5200,"sd","13:25:09",18935600
17300,450,100,"sd","13:25:13",18935700
17250,400,127400,"sd","13:25:20",19063100
17250,400,173100,"sd","13:25:22",19236200
17300,450,1500,"sd","13:25:25",19237700
17250,400,2000,"bu","13:25:31",19239700
17250,400,3000,"bu","13:25:40",19242700
17250,400,1600,"sd","13:25:44",19244300
17250,400,10200,"sd","13:25:53",19254500
17250,400,800,"bu","13:25:54",19255300
17250,400,5700,"bu","13:26:01",19261000
17250,400,15000,"sd","13:26:03",19276000
17250,400,1100,"sd","13:26:07",19277100
17250,400,17000,"bu","13:26:14",19294100
17250,400,5700,"bu","13:26:16",19299800
17250,400,10000,"sd","13:26:20",19309800
17250,400,30100,"bu","13:26:21",19339900
17300,450,1100,"sd","13:26:28",19341000
17250,400,2000,"sd","13:26:30",19343000
17250,400,600,"bu","13:26:33",19343600
17250,400,500,"bu","13:26:35",19344100
17250,400,2000,"sd","13:26:38",19346100
17250,400,1300,"sd","13:26:42",19347400
17250,400,800,"bu","13:26:45",19348200
17250,400,11000,"bu","13:26:52",19359200
17250,400,200,"sd","13:26:54",19359400
17250,400,100,"bu","13:26:59",19359500
17250,400,500,"sd","13:27:07",19360000
17250,400,500,"bu","13:27:10",19360500
17250,400,20000,"bu","13:27:14",19380500
17250,400,1500,"bu","13:27:16",19382000
17250,400,200,"bu","13:27:19",19382200
17250,400,2500,"bu","13:27:32",19384700
17250,400,14300,"bu","13:27:36",19399000
17250,400,1200,"bu","13:27:45",19400200
17250,400,25000,"bu","13:27:47",19425200
17250,400,2500,"sd","13:27:52",19427700
17300,450,100,"sd","13:27:57",19427800
17250,400,900,"sd","13:27:59",19428700
17250,400,200,"bu","13:28:01",19428900
17250,400,600,"sd","13:28:11",19429500
17250,400,5000,"sd","13:28:15",19434500
17250,400,100,"sd","13:28:24",19434600
17250,400,6200,"bu","13:28:27",19440800
17250,400,105800,"sd","13:28:29",19546600
17250,400,1000,"bu","13:28:33",19547600
17250,400,3000,"bu","13:28:37",19550600
17250,400,700,"bu","13:28:40",19551300
17250,400,7000,"sd","13:28:46",19558300
17300,450,1000,"bu","13:28:48",19559300
17250,400,5900,"sd","13:28:50",19565200
17250,400,400,"sd","13:28:55",19565600
17250,400,100,"sd","13:28:59",19565700
17250,400,200,"bu","13:29:01",19565900
17250,400,4000,"bu","13:29:21",19569900
17250,400,400,"sd","13:29:31",19570300
17250,400,1200,"bu","13:29:35",19571500
17250,400,100,"bu","13:29:38",19571600
17250,400,1000,"bu","13:29:44",19572600
17300,450,600,"bu","13:29:48",19573200
17250,400,1800,"bu","13:29:50",19575000
17250,400,100,"sd","13:29:56",19575100
17250,400,5200,"sd","13:30:05",19580300
17250,400,30700,"sd","13:30:07",19611000
17250,400,100,"sd","13:30:09",19611100
17250,400,1000,"sd","13:30:17",19612100
17250,400,200,"bu","13:30:21",19612300
17250,400,10000,"bu","13:30:23",19622300
17250,400,1500,"sd","13:30:29",19623800
17250,400,3300,"sd","13:30:37",19627100
17250,400,1900,"sd","13:30:40",19629000
17250,400,5000,"sd","13:30:48",19634000
17250,400,6800,"bu","13:30:50",19640800
17250,400,2000,"sd","13:30:52",19642800
17250,400,50000,"sd","13:30:53",19692800
17250,400,12000,"bu","13:30:56",19704800
17250,400,53500,"sd","13:30:57",19758300
17250,400,1000,"bu","13:31:00",19759300
17250,400,3200,"bu","13:31:09",19762500
17250,400,500,"sd","13:31:11",19763000
17250,400,1200,"bu","13:31:13",19764200
17250,400,5900,"bu","13:31:15",19770100
17250,400,3500,"sd","13:31:17",19773600
17250,400,2000,"sd","13:31:19",19775600
17250,400,500,"sd","13:31:21",19776100
17250,400,14700,"bu","13:31:25",19790800
17250,400,300,"sd","13:31:26",19791100
17250,400,5700,"bu","13:31:28",19796800
17200,350,8800,"sd","13:31:30",19805600
17250,400,3000,"sd","13:31:34",19808600
17250,400,100,"sd","13:31:36",19808700
17250,400,3400,"sd","13:31:38",19812100
17250,400,5600,"bu","13:31:45",19817700
17250,400,1100,"sd","13:31:47",19818800
17250,400,100,"bu","13:31:49",19818900
17250,400,400,"bu","13:31:52",19819300
17250,400,1000,"sd","13:31:58",19820300
17200,350,5500,"sd","13:32:02",19825800
17250,400,3000,"bu","13:32:05",19828800
17250,400,23800,"bu","13:32:07",19852600
17250,400,1500,"bu","13:32:12",19854100
17250,400,5100,"bu","13:32:14",19859200
17250,400,3500,"bu","13:32:27",19862700
17250,400,5000,"sd","13:32:29",19867700
17250,400,5000,"bu","13:32:41",19872700
17200,350,53300,"bu","13:32:43",19926000
17200,350,245300,"bu","13:32:45",20171300
17250,400,400,"bu","13:32:58",20171700
17200,350,12000,"bu","13:33:00",20183700
17250,400,400,"sd","13:33:06",20184100
17250,400,10000,"bu","13:33:20",20194100
17250,400,4200,"sd","13:33:24",20198300
17250,400,100,"bu","13:33:28",20198400
17250,400,1000,"bu","13:33:30",20199400
17250,400,600,"bu","13:33:36",20200000
17250,400,500,"sd","13:33:37",20200500
17250,400,700,"sd","13:33:39",20201200
17250,400,1500,"bu","13:33:43",20202700
17250,400,2900,"sd","13:33:45",20205600
17250,400,600,"sd","13:33:47",20206200
17250,400,200,"bu","13:33:55",20206400
17250,400,100,"sd","13:33:58",20206500
17250,400,500,"sd","13:34:00",20207000
17250,400,2000,"sd","13:34:02",20209000
17250,400,6000,"sd","13:34:08",20215000
17250,400,15100,"sd","13:34:12",20230100
17250,400,800,"sd","13:34:14",20230900
17250,400,100,"sd","13:34:16",20231000
17250,400,5000,"sd","13:34:18",20236000
17250,400,3300,"bu","13:34:22",20239300
17250,400,5100,"bu","13:34:31",20244400
17250,400,3000,"sd","13:34:33",20247400
17250,400,1000,"bu","13:34:35",20248400
17250,400,200,"bu","13:34:37",20248600
17200,350,10000,"sd","13:34:39",20258600
17250,400,2500,"bu","13:34:50",20261100
17200,350,11000,"bu","13:34:52",20272100
17250,400,2000,"bu","13:34:56",20274100
17250,400,600,"bu","13:34:59",20274700
17250,400,100,"sd","13:35:01",20274800
17200,350,5000,"sd","13:35:03",20279800
17250,400,3000,"sd","13:35:16",20282800
17250,400,600,"sd","13:35:18",20283400
