"price","change","match_qtty","side","time","total_vol"
27850,50,44600,"sd","09:15:02",44600
27900,100,2600,"bu","09:15:23",47200
27900,100,300,"bu","09:16:20",47500
27900,100,1000,"bu","09:16:38",48500
27900,100,5500,"sd","09:17:47",54000
27900,100,1300,"sd","09:17:48",55300
27900,100,1000,"bu","09:18:38",56300
27950,150,1100,"bu","09:19:10",57400
27950,150,1700,"sd","09:19:20",59100
27950,150,3000,"sd","09:19:26",62100
27950,150,500,"sd","09:20:05",62600
27950,150,200,"bu","09:20:13",62800
27950,150,500,"bu","09:20:43",63300
27950,150,2000,"bu","09:21:30",65300
27950,150,200,"sd","09:21:36",65500
27950,150,3000,"bu","09:21:56",68500
27950,150,5000,"bu","09:22:03",73500
27950,150,100,"bu","09:22:14",73600
27900,100,200,"bu","09:22:31",73800
27900,100,700,"bu","09:23:10",74500
27900,100,26400,"bu","09:23:12",100900
27900,100,2000,"bu","09:23:27",102900
27950,150,500,"bu","09:24:14",103400
27950,150,10000,"sd","09:27:40",113400
27950,150,1000,"sd","09:28:19",114400
27900,100,100,"sd","09:30:23",114500
27900,100,5000,"bu","09:30:45",119500
27900,100,10000,"bu","09:30:59",129500
27900,100,300,"bu","09:31:00",129800
27950,150,500,"sd","09:31:05",130300
27950,150,7000,"bu","09:31:15",137300
27950,150,1000,"sd","09:31:38",138300
27950,150,10000,"sd","09:31:39",148300
27950,150,4300,"sd","09:31:51",152600
28000,200,300,"bu","09:32:31",152900
28000,200,200,"sd","09:32:45",153100
27950,150,6500,"sd","09:33:08",159600
27950,150,1400,"sd","09:33:26",161000
27950,150,1000,"sd","09:33:36",162000
27950,150,200,"sd","09:33:48",162200
27950,150,100,"bu","09:33:59",162300
27950,150,500,"bu","09:34:01",162800
27950,150,200,"sd","09:34:09",163000
27950,150,2000,"sd","09:34:13",165000
27950,150,100,"sd","09:34:16",165100
27950,150,400,"bu","09:34:24",165500
27950,150,3900,"bu","09:34:28",169400
27900,100,2600,"sd","09:37:01",172000
27950,150,100,"bu","09:37:02",172100
27900,100,1700,"sd","09:39:33",173800
27900,100,8000,"bu","09:40:19",181800
27900,100,1000,"bu","09:40:39",182800
27900,100,1500,"bu","09:41:11",184300
27900,100,3400,"sd","09:41:21",187700
27900,100,200,"sd","09:42:28",187900
27900,100,4000,"bu","09:42:59",191900
27900,100,5000,"sd","09:44:07",196900
27900,100,6600,"sd","09:44:37",203500
27900,100,100,"bu","09:44:41",203600
27900,100,300,"bu","09:44:56",203900
27900,100,100,"bu","09:45:21",204000
27900,100,1200,"sd","09:45:31",205200
27900,100,100,"bu","09:45:59",205300
27900,100,500,"bu","09:46:23",205800
27900,100,1500,"sd","09:46:29",207300
27850,50,100,"bu","09:46:53",207400
27900,100,1500,"sd","09:46:59",208900
27900,100,1000,"bu","09:47:27",209900
27900,100,500,"bu","09:47:41",210400
27900,100,2000,"bu","09:47:53",212400
27900,100,500,"bu","09:49:33",212900
27850,50,600,"sd","09:49:41",213500
27900,100,200,"bu","09:49:55",213700
27850,50,1000,"sd","09:50:33",214700
27850,50,5000,"sd","09:50:46",219700
27850,50,5400,"sd","09:51:39",225100
27850,50,10000,"bu","09:51:40",235100
27900,100,100,"sd","09:51:55",235200
27850,50,800,"bu","09:52:10",236000
27850,50,11600,"bu","09:52:58",247600
27850,50,300,"sd","09:53:18",247900
27850,50,500,"bu","09:53:23",248400
27850,50,10000,"sd","09:54:10",258400
27850,50,5000,"sd","09:54:35",263400
27850,50,2000,"bu","09:54:50",265400
27850,50,1000,"sd","09:54:53",266400
27850,50,5000,"bu","09:55:44",271400
27850,50,3000,"sd","09:56:19",274400
27850,50,600,"sd","09:56:27",275000
27850,50,300,"bu","09:56:48",275300
27850,50,1500,"bu","09:56:57",276800
27850,50,100,"sd","09:56:58",276900
27850,50,900,"sd","09:58:37",277800
27850,50,9200,"sd","09:58:43",287000
27850,50,500,"bu","09:59:03",287500
27850,50,200,"sd","09:59:07",287700
27850,50,100,"bu","09:59:15",287800
27850,50,2400,"bu","09:59:25",290200
27850,50,100,"bu","09:59:33",290300
27850,50,300,"sd","09:59:47",290600
27850,50,1000,"bu","10:00:05",291600
27850,50,100,"sd","10:00:18",291700
27850,50,2100,"sd","10:00:22",293800
27850,50,900,"bu","10:00:33",294700
27850,50,1800,"sd","10:00:43",296500
27850,50,3000,"sd","10:00:55",299500
27850,50,1000,"sd","10:01:27",300500
27850,50,200,"sd","10:02:52",300700
27850,50,1200,"bu","10:03:37",301900
27850,50,19200,"sd","10:04:56",321100
27850,50,900,"bu","10:05:21",322000
27850,50,100,"bu","10:05:27",322100
27850,50,200,"sd","10:06:33",322300
27850,50,500,"bu","10:06:36",322800
27850,50,11000,"sd","10:06:37",333800
27850,50,900,"sd","10:06:44",334700
27850,50,900,"bu","10:07:27",335600
27850,50,500,"bu","10:07:35",336100
27850,50,2000,"sd","10:08:16",338100
27850,50,200,"sd","10:08:46",338300
27800,0,500,"sd","10:08:53",338800
27850,50,1500,"sd","10:09:03",340300
27800,0,11000,"bu","10:09:10",351300
27800,0,70700,"sd","10:09:17",422000
27800,0,300,"sd","10:09:20",422300
27800,0,500,"sd","10:09:43",422800
27750,-50,4500,"bu","10:09:51",427300
27800,0,200,"bu","10:09:54",427500
27750,-50,400,"sd","10:10:20",427900
27750,-50,1000,"bu","10:10:46",428900
27800,0,2000,"sd","10:11:10",430900
27800,0,1000,"bu","10:11:55",431900
27800,0,100,"bu","10:12:09",432000
27800,0,10000,"bu","10:12:30",442000
27800,0,100,"bu","10:12:50",442100
27800,0,1000,"bu","10:12:58",443100
27800,0,100,"bu","10:12:59",443200
27800,0,600,"sd","10:13:11",443800
27800,0,100,"bu","10:13:19",443900
27800,0,400,"sd","10:13:20",444300
27800,0,500,"bu","10:13:43",444800
27800,0,700,"bu","10:14:03",445500
27800,0,500,"bu","10:14:09",446000
27800,0,100,"sd","10:14:21",446100
27800,0,6300,"bu","10:14:50",452400
27800,0,500,"sd","10:14:52",452900
27800,0,400,"bu","10:14:53",453300
27800,0,100,"sd","10:14:57",453400
27800,0,5000,"sd","10:15:02",458400
27800,0,1900,"bu","10:15:10",460300
27800,0,11600,"sd","10:15:19",471900
27800,0,600,"bu","10:15:20",472500
27800,0,600,"bu","10:15:23",473100
27800,0,5100,"bu","10:15:30",478200
27800,0,2000,"sd","10:15:31",480200
27800,0,1000,"bu","10:15:34",481200
27800,0,200,"sd","10:15:36",481400
27800,0,81300,"bu","10:15:38",562700
27800,0,8600,"sd","10:15:58",571300
27800,0,10000,"bu","10:16:06",581300
27800,0,500,"sd","10:16:14",581800
27800,0,300,"bu","10:16:20",582100
27850,50,3000,"sd","10:16:41",585100
27850,50,200,"sd","10:16:44",585300
27850,50,5000,"bu","10:17:00",590300
27850,50,600,"bu","10:17:04",590900
27850,50,5300,"bu","10:17:37",596200
27850,50,5000,"sd","10:17:50",601200
27850,50,10000,"bu","10:18:24",611200
27850,50,3000,"bu","10:19:42",614200
27850,50,200,"sd","10:19:43",614400
27850,50,500,"sd","10:19:53",614900
27850,50,600,"sd","10:20:36",615500
27850,50,400,"bu","10:20:58",615900
27850,50,1300,"sd","10:21:39",617200
27850,50,600,"bu","10:21:45",617800
27850,50,2400,"bu","10:22:04",620200
27850,50,1000,"sd","10:22:10",621200
27850,50,100,"sd","10:23:18",621300
27850,50,20300,"sd","10:24:06",641600
27850,50,800,"bu","10:24:25",642400
27850,50,300,"sd","10:24:35",642700
27850,50,2200,"sd","10:24:50",644900
27850,50,100,"bu","10:25:06",645000
27850,50,23300,"sd","10:25:21",668300
27850,50,600,"bu","10:25:24",668900
27850,50,500,"bu","10:25:55",669400
27850,50,3000,"bu","10:26:08",672400
27850,50,1000,"bu","10:26:12",673400
27850,50,5000,"sd","10:26:25",678400
27850,50,1000,"bu","10:26:34",679400
27850,50,3400,"bu","10:26:40",682800
27850,50,100,"bu","10:26:54",682900
27850,50,1200,"sd","10:26:58",684100
27850,50,4300,"bu","10:27:07",688400
27850,50,100,"bu","10:27:18",688500
27850,50,10000,"bu","10:27:25",698500
27850,50,200,"bu","10:27:30",698700
27800,0,1000,"sd","10:28:15",699700
27850,50,700,"bu","10:28:32",700400
27850,50,300,"sd","10:28:47",700700
27850,50,2900,"bu","10:28:49",703600
27850,50,2500,"sd","10:28:51",706100
27850,50,5000,"bu","10:29:45",711100
27850,50,100,"bu","10:30:03",711200
27850,50,5000,"bu","10:30:04",716200
27850,50,100,"bu","10:31:13",716300
27850,50,500,"sd","10:31:22",716800
27850,50,300,"bu","10:31:48",717100
27900,100,400,"sd","10:32:26",717500
27900,100,400,"bu","10:33:02",717900
27850,50,1000,"sd","10:34:45",718900
27900,100,500,"sd","10:34:51",719400
27850,50,11000,"bu","10:36:32",730400
27850,50,4000,"bu","10:36:38",734400
27850,50,100,"bu","10:36:46",734500
27850,50,500,"bu","10:36:51",735000
27850,50,200,"sd","10:37:06",735200
27850,50,400,"bu","10:37:22",735600
27850,50,10000,"sd","10:38:23",745600
27900,100,2800,"bu","10:38:32",748400
27850,50,10000,"sd","10:38:51",758400
27850,50,400,"sd","10:39:23",758800
27850,50,200,"bu","10:39:31",759000
27850,50,100,"sd","10:39:42",759100
27850,50,1900,"sd","10:39:59",761000
27850,50,1000,"bu","10:40:31",762000
27850,50,6100,"sd","10:40:48",768100
27800,0,10900,"sd","10:41:29",779000
27800,0,4600,"bu","10:41:53",783600
27800,0,1100,"bu","10:41:57",784700
27800,0,200,"bu","10:42:47",784900
27800,0,500,"bu","10:43:31",785400
27800,0,50000,"sd","10:43:36",835400
27800,0,10000,"sd","10:43:38",845400
27800,0,2000,"sd","10:44:05",847400
27800,0,500,"sd","10:44:24",847900
27800,0,1400,"sd","10:44:44",849300
27800,0,4000,"sd","10:45:01",853300
27800,0,500,"bu","10:45:06",853800
27800,0,2000,"sd","10:45:19",855800
27850,50,3700,"bu","10:46:25",859500
27800,0,10000,"bu","10:46:37",869500
27800,0,10000,"sd","10:46:49",879500
27800,0,500,"sd","10:47:54",880000
27800,0,2000,"bu","10:48:19",882000
27800,0,1000,"bu","10:48:29",883000
27800,0,200,"sd","10:49:03",883200
27800,0,1000,"sd","10:49:06",884200
27850,50,2000,"bu","10:49:25",886200
27800,0,500,"sd","10:50:12",886700
27800,0,30000,"sd","10:50:15",916700
27800,0,1000,"bu","10:50:26",917700
27800,0,1200,"sd","10:50:43",918900
27800,0,500,"bu","10:51:28",919400
27800,0,5000,"sd","10:51:47",924400
27800,0,1500,"bu","10:52:48",925900
27800,0,40000,"bu","10:54:06",965900
27800,0,5000,"bu","10:54:10",970900
27800,0,500,"bu","10:54:17",971400
27800,0,2000,"sd","10:54:46",973400
27800,0,800,"bu","10:55:11",974200
27800,0,31800,"sd","10:55:39",1006000
27800,0,10000,"bu","10:55:57",1016000
27800,0,11700,"sd","10:56:29",1027700
27800,0,1000,"bu","10:56:50",1028700
27800,0,20000,"bu","10:57:10",1048700
27800,0,5300,"sd","10:57:35",1054000
27800,0,1500,"bu","10:57:38",1055500
27800,0,3600,"bu","10:58:03",1059100
27800,0,500,"bu","10:58:23",1059600
27800,0,2000,"bu","10:59:11",1061600
27800,0,200,"bu","10:59:31",1061800
27800,0,4600,"sd","11:00:20",1066400
27800,0,500,"bu","11:00:49",1066900
27800,0,2000,"sd","11:01:04",1068900
27800,0,100,"bu","11:01:11",1069000
27800,0,400,"sd","11:01:50",1069400
27800,0,4000,"sd","11:02:04",1073400
27800,0,10000,"sd","11:02:45",1083400
27800,0,14000,"sd","11:05:16",1097400
27800,0,2000,"bu","11:05:36",1099400
27800,0,32500,"sd","11:05:54",1131900
27800,0,17500,"sd","11:06:03",1149400
27800,0,1000,"bu","11:06:16",1150400
27850,50,300,"sd","11:07:12",1150700
27850,50,100,"bu","11:07:33",1150800
27800,0,700,"bu","11:07:37",1151500
27850,50,1000,"sd","11:07:54",1152500
27850,50,3700,"bu","11:10:02",1156200
27850,50,200,"bu","11:10:17",1156400
27850,50,100,"sd","11:10:58",1156500
27800,0,10000,"bu","11:11:16",1166500
27800,0,200,"sd","11:11:39",1166700
27800,0,300,"sd","11:15:07",1167000
27800,0,17400,"sd","11:16:28",1184400
27800,0,1500,"sd","11:16:34",1185900
27800,0,1100,"sd","11:16:58",1187000
27800,0,800,"bu","11:18:50",1187800
27800,0,600,"sd","11:19:25",1188400
27850,50,1000,"bu","11:20:44",1189400
27800,0,10000,"bu","11:21:04",1199400
27850,50,3000,"bu","11:21:15",1202400
27800,0,15000,"sd","11:21:31",1217400
27800,0,3700,"sd","11:22:31",1221100
27800,0,100,"sd","11:22:43",1221200
27800,0,10000,"sd","11:22:57",1231200
27850,50,1600,"bu","11:24:19",1232800
27850,50,5000,"bu","11:25:51",1237800
27800,0,10000,"bu","11:26:34",1247800
27800,0,200,"bu","11:26:48",1248000
27800,0,300,"bu","11:26:51",1248300
27800,0,100,"bu","11:26:56",1248400
27800,0,400,"bu","11:28:15",1248800
27800,0,1000,"sd","11:29:42",1249800
27800,0,20000,"bu","11:30:00",1269800
27800,0,6400,"sd","13:00:18",1276200
27800,0,3800,"sd","13:00:33",1280000
27800,0,2000,"bu","13:00:40",1282000
27800,0,2500,"bu","13:00:41",1284500
27800,0,100,"sd","13:00:42",1284600
27800,0,1900,"sd","13:00:44",1286500
27800,0,200,"bu","13:00:47",1286700
27800,0,9600,"bu","13:00:49",1296300
27800,0,200,"bu","13:00:51",1296500
27800,0,100,"bu","13:00:53",1296600
27800,0,700,"bu","13:01:03",1297300
27800,0,3000,"bu","13:01:06",1300300
27800,0,1500,"sd","13:01:14",1301800
27800,0,30700,"sd","13:01:19",1332500
27800,0,100,"bu","13:01:26",1332600
27800,0,10200,"bu","13:01:44",1342800
27750,-50,40000,"sd","13:01:51",1382800
27800,0,1000,"sd","13:01:53",1383800
27750,-50,1100,"sd","13:02:01",1384900
27750,-50,700,"bu","13:02:22",1385600
27750,-50,5800,"bu","13:02:47",1391400
27750,-50,400,"bu","13:04:18",1391800
27750,-50,20000,"bu","13:04:20",1411800
27750,-50,15000,"bu","13:04:49",1426800
27800,0,10000,"sd","13:04:58",1436800
27800,0,900,"sd","13:05:04",1437700
27800,0,1000,"bu","13:05:41",1438700
27800,0,900,"sd","13:05:44",1439600
27750,-50,600,"bu","13:05:46",1440200
27750,-50,20000,"bu","13:07:14",1460200
27750,-50,1400,"bu","13:07:45",1461600
27750,-50,5400,"bu","13:08:12",1467000
27750,-50,100,"bu","13:08:25",1467100
27750,-50,2700,"sd","13:08:41",1469800
27800,0,200,"sd","13:08:49",1470000
27800,0,100,"sd","13:08:55",1470100
27800,0,600,"sd","13:09:35",1470700
27800,0,800,"sd","13:11:03",1471500
27800,0,100,"sd","13:11:14",1471600
27800,0,1000,"sd","13:12:08",1472600
27800,0,200,"bu","13:12:25",1472800
27750,-50,5000,"sd","13:12:51",1477800
27800,0,200,"sd","13:12:52",1478000
27800,0,1300,"sd","13:13:09",1479300
27800,0,700,"bu","13:13:43",1480000
27800,0,2000,"bu","13:13:47",1482000
27750,-50,10000,"sd","13:13:49",1492000
27800,0,5000,"bu","13:14:01",1497000
27800,0,10000,"sd","13:14:06",1507000
27800,0,100,"sd","13:14:24",1507100
27800,0,1100,"bu","13:14:35",1508200
27800,0,1500,"sd","13:15:03",1509700
27800,0,2000,"bu","13:15:26",1511700
27800,0,500,"sd","13:15:57",1512200
27800,0,1000,"sd","13:16:20",1513200
27750,-50,1000,"sd","13:16:40",1514200
27800,0,1000,"bu","13:16:42",1515200
27800,0,100,"sd","13:16:52",1515300
27750,-50,8000,"bu","13:16:57",1523300
27750,-50,20000,"sd","13:17:07",1543300
27750,-50,100,"sd","13:17:09",1543400
27800,0,1000,"bu","13:17:12",1544400
27750,-50,1400,"sd","13:17:15",1545800
27750,-50,1200,"bu","13:17:20",1547000
27750,-50,1000,"sd","13:17:22",1548000
27750,-50,5000,"bu","13:17:36",1553000
27800,0,100,"sd","13:17:42",1553100
27750,-50,26000,"bu","13:17:56",1579100
27750,-50,30100,"sd","13:18:20",1609200
27750,-50,500,"sd","13:18:30",1609700
27750,-50,1600,"sd","13:19:33",1611300
27750,-50,3700,"bu","13:19:53",1615000
27750,-50,100,"sd","13:19:58",1615100
27750,-50,4000,"sd","13:20:02",1619100
27750,-50,700,"bu","13:20:15",1619800
27700,-100,700,"sd","13:20:24",1620500
27700,-100,22000,"sd","13:20:26",1642500
27700,-100,500,"bu","13:20:31",1643000
27750,-50,100,"sd","13:20:38",1643100
27700,-100,500,"sd","13:20:43",1643600
27750,-50,2000,"bu","13:20:49",1645600
27700,-100,2000,"bu","13:21:28",1647600
27700,-100,800,"bu","13:21:41",1648400
27750,-50,100,"sd","13:21:52",1648500
27750,-50,500,"sd","13:21:59",1649000
27700,-100,3700,"sd","13:22:01",1652700
27750,-50,200,"bu","13:22:03",1652900
27700,-100,100,"bu","13:22:21",1653000
27700,-100,500,"bu","13:22:26",1653500
27700,-100,400,"bu","13:22:56",1653900
27700,-100,100,"sd","13:23:10",1654000
27700,-100,500,"bu","13:23:31",1654500
27700,-100,100,"sd","13:23:50",1654600
27750,-50,2000,"sd","13:23:58",1656600
27700,-100,20000,"sd","13:24:07",1676600
27700,-100,15000,"bu","13:24:13",1691600
27700,-100,100,"sd","13:24:18",1691700
27700,-100,2300,"bu","13:24:22",1694000
27700,-100,1700,"bu","13:24:24",1695700
27700,-100,300,"bu","13:24:40",1696000
27700,-100,10000,"bu","13:24:59",1706000
27700,-100,10000,"bu","13:25:15",1716000
27700,-100,15500,"bu","13:25:20",1731500
27700,-100,5000,"bu","13:25:40",1736500
27700,-100,3000,"bu","13:25:51",1739500
27700,-100,100,"bu","13:25:59",1739600
27700,-100,10000,"bu","13:26:21",1749600
27750,-50,200,"bu","13:26:25",1749800
27750,-50,100,"bu","13:26:35",1749900
27700,-100,40000,"bu","13:27:01",1789900
27700,-100,1300,"bu","13:27:26",1791200
27700,-100,1000,"bu","13:27:30",1792200
27700,-100,1500,"sd","13:27:40",1793700
27700,-100,200,"sd","13:27:43",1793900
27750,-50,1000,"bu","13:27:50",1794900
27750,-50,1000,"bu","13:28:15",1795900
27700,-100,300,"sd","13:28:18",1796200
27700,-100,5000,"bu","13:29:31",1801200
27750,-50,100,"sd","13:29:35",1801300
27700,-100,30000,"sd","13:29:46",1831300
27700,-100,1400,"bu","13:29:56",1832700
27700,-100,2300,"bu","13:30:07",1835000
27700,-100,300,"sd","13:30:48",1835300
27700,-100,500,"sd","13:31:07",1835800
27700,-100,100,"sd","13:31:09",1835900
27700,-100,500,"bu","13:31:19",1836400
27700,-100,100,"bu","13:31:25",1836500
27700,-100,1000,"bu","13:31:49",1837500
27700,-100,1100,"sd","13:31:58",1838600
27700,-100,300,"sd","13:32:02",1838900
27700,-100,1000,"sd","13:32:07",1839900
27700,-100,1300,"bu","13:32:10",1841200
27700,-100,1000,"sd","13:32:14",1842200
27700,-100,600,"sd","13:32:16",1842800
27650,-150,23000,"sd","13:32:41",1865800
27700,-100,200,"bu","13:32:45",1866000
27700,-100,800,"sd","13:33:04",1866800
27700,-100,5000,"sd","13:33:18",1871800
27700,-100,1500,"bu","13:33:37",1873300
27700,-100,3000,"sd","13:34:18",1876300
27700,-100,200,"bu","13:34:27",1876500
27700,-100,100,"sd","13:34:35",1876600
27650,-150,10700,"sd","13:34:59",1887300
27700,-100,8200,"sd","13:35:06",1895500
27650,-150,5000,"sd","13:35:31",1900500
27650,-150,10000,"bu","13:35:33",1910500
27650,-150,20000,"bu","13:35:38",1930500
27650,-150,2600,"sd","13:35:39",1933100
27650,-150,33000,"sd","13:35:47",1966100
27650,-150,8100,"sd","13:35:52",1974200
27650,-150,12700,"bu","13:35:54",1986900
27650,-150,200,"sd","13:36:00",1987100
27650,-150,2000,"bu","13:36:02",1989100
27650,-150,1600,"bu","13:36:11",1990700
27650,-150,19000,"bu","13:36:13",2009700
27650,-150,1500,"sd","13:36:18",2011200
27650,-150,300,"bu","13:36:20",2011500
27650,-150,1200,"sd","13:36:22",2012700
27650,-150,1000,"bu","13:36:41",2013700
27700,-100,300,"bu","13:36:56",2014000
27650,-150,5000,"sd","13:37:08",2019000
27700,-100,500,"sd","13:37:12",2019500
27700,-100,300,"bu","13:37:20",2019800
27700,-100,24000,"bu","13:37:30",2043800
27700,-100,400,"sd","13:37:34",2044200
27700,-100,100,"bu","13:37:39",2044300
27700,-100,1100,"sd","13:37:41",2045400
27700,-100,500,"sd","13:37:49",2045900
27700,-100,3200,"bu","13:37:53",2049100
27700,-100,2800,"bu","13:37:57",2051900
27700,-100,1500,"sd","13:37:59",2053400
27700,-100,1800,"bu","13:38:05",2055200
27700,-100,900,"bu","13:38:15",2056100
27700,-100,400,"sd","13:38:17",2056500
27700,-100,700,"sd","13:38:19",2057200
27700,-100,1900,"sd","13:38:28",2059100
27700,-100,300,"sd","13:38:32",2059400
27700,-100,400,"bu","13:38:34",2059800
27700,-100,10000,"bu","13:38:40",2069800
27700,-100,100,"bu","13:38:48",2069900
27700,-100,300,"bu","13:38:50",2070200
27700,-100,100,"bu","13:38:58",2070300
27700,-100,200,"bu","13:39:02",2070500
27700,-100,100,"sd","13:39:09",2070600
27700,-100,9700,"sd","13:39:30",2080300
27700,-100,100,"sd","13:40:38",2080400
27700,-100,300,"bu","13:40:44",2080700
27700,-100,4000,"bu","13:40:53",2084700
27650,-150,3700,"sd","13:40:54",2088400
27650,-150,7000,"bu","13:41:13",2095400
27650,-150,5000,"bu","13:41:24",2100400
27650,-150,1000,"bu","13:41:35",2101400
27650,-150,500,"sd","13:41:43",2101900
27700,-100,16000,"sd","13:42:19",2117900
27700,-100,3000,"sd","13:42:31",2120900
27700,-100,200,"sd","13:42:33",2121100
27700,-100,27300,"bu","13:42:35",2148400
27700,-100,50000,"sd","13:43:04",2198400
27750,-50,1000,"bu","13:43:07",2199400
27700,-100,5700,"sd","13:43:09",2205100
27700,-100,3000,"sd","13:43:22",2208100
27700,-100,2000,"bu","13:43:26",2210100
27700,-100,100,"bu","13:43:28",2210200
27700,-100,1000,"bu","13:43:30",2211200
27700,-100,500,"bu","13:43:35",2211700
27700,-100,1500,"bu","13:43:39",2213200
27700,-100,3000,"sd","13:43:41",2216200
27700,-100,1200,"sd","13:43:47",2217400
27700,-100,100,"sd","13:43:51",2217500
27700,-100,500,"bu","13:43:53",2218000
27700,-100,1000,"bu","13:43:54",2219000
27700,-100,1300,"bu","13:43:57",2220300
27700,-100,100,"sd","13:44:00",2220400
27700,-100,1000,"bu","13:44:02",2221400
27700,-100,100,"sd","13:44:04",2221500
27700,-100,2000,"sd","13:44:06",2223500
27700,-100,9100,"sd","13:44:14",2232600
27700,-100,1700,"bu","13:44:18",2234300
27700,-100,5200,"bu","13:44:22",2239500
27700,-100,100,"bu","13:44:24",2239600
27700,-100,1100,"bu","13:44:33",2240700
27700,-100,100,"bu","13:44:35",2240800
27650,-150,20000,"bu","13:44:38",2260800
27700,-100,100,"bu","13:44:40",2260900
27700,-100,1000,"bu","13:44:46",2261900
27650,-150,500,"sd","13:44:50",2262400
27700,-100,2000,"bu","13:44:54",2264400
27700,-100,100,"sd","13:45:12",2264500
27700,-100,1000,"bu","13:45:14",2265500
27700,-100,1000,"sd","13:45:23",2266500
27750,-50,77100,"bu","13:45:39",2343600
27800,0,700,"sd","13:45:41",2344300
27750,-50,5000,"sd","13:45:51",2349300
27750,-50,6400,"sd","13:45:59",2355700
27750,-50,500,"sd","13:46:15",2356200
27700,-100,2600,"sd","13:47:02",2358800
27700,-100,500,"sd","13:47:45",2359300
27700,-100,600,"sd","13:47:55",2359900
27700,-100,1000,"sd","13:48:07",2360900
27700,-100,200,"bu","13:48:13",2361100
27700,-100,100,"sd","13:49:10",2361200
27700,-100,1000,"sd","13:49:30",2362200
27700,-100,700,"bu","13:49:42",2362900
27700,-100,300,"bu","13:49:59",2363200
27700,-100,100,"bu","13:50:15",2363300
27700,-100,1000,"bu","13:50:36",2364300
27700,-100,300,"sd","13:50:41",2364600
27700,-100,100,"bu","13:50:55",2364700
27700,-100,500,"bu","13:51:26",2365200
27700,-100,200,"sd","13:51:30",2365400
27650,-150,20000,"sd","13:51:42",2385400
27650,-150,5000,"bu","13:52:07",2390400
27700,-100,2000,"bu","13:52:17",2392400
27700,-100,400,"sd","13:52:19",2392800
27650,-150,5300,"sd","13:52:47",2398100
27650,-150,20000,"sd","13:53:09",2418100
27650,-150,400,"sd","13:53:36",2418500
27650,-150,200,"sd","13:53:45",2418700
27650,-150,300,"bu","13:54:17",2419000
27650,-150,200,"sd","13:54:26",2419200
27650,-150,6200,"sd","13:54:36",2425400
27650,-150,14400,"bu","13:55:01",2439800
27650,-150,50000,"bu","13:55:21",2489800
27650,-150,100,"sd","13:55:32",2489900
27650,-150,16900,"bu","13:55:47",2506800
27650,-150,2000,"bu","13:55:55",2508800
27650,-150,1100,"sd","13:55:57",2509900
27600,-200,500,"sd","13:56:03",2510400
27650,-150,1100,"bu","13:56:06",2511500
27650,-150,600,"bu","13:56:10",2512100
27650,-150,2000,"sd","13:56:21",2514100
27650,-150,21100,"sd","13:56:29",2535200
27650,-150,100,"sd","13:56:36",2535300
27650,-150,2000,"bu","13:56:38",2537300
27650,-150,1100,"bu","13:56:42",2538400
27650,-150,1000,"bu","13:56:44",2539400
27650,-150,1100,"sd","13:56:48",2540500
27650,-150,5500,"bu","13:56:55",2546000
27650,-150,4100,"bu","13:56:57",2550100
27650,-150,5000,"bu","13:56:59",2555100
27650,-150,4900,"bu","13:57:02",2560000
27650,-150,1000,"sd","13:57:06",2561000
27650,-150,800,"sd","13:57:11",2561800
27650,-150,1100,"sd","13:57:13",2562900
27650,-150,6000,"sd","13:57:17",2568900
27650,-150,700,"bu","13:57:22",2569600
27700,-100,500,"bu","13:57:24",2570100
27650,-150,6500,"sd","13:57:28",2576600
27650,-150,4400,"bu","13:57:44",2581000
27650,-150,4000,"sd","13:57:51",2585000
27700,-100,200,"sd","13:57:53",2585200
27650,-150,11600,"sd","13:58:08",2596800
27650,-150,1200,"sd","13:58:10",2598000
27650,-150,100,"sd","13:58:12",2598100
27650,-150,400,"bu","13:58:16",2598500
27650,-150,2600,"sd","13:58:28",2601100
27600,-200,1000,"sd","13:58:30",2602100
27650,-150,1200,"sd","13:58:44",2603300
27650,-150,2000,"bu","13:58:52",2605300
27650,-150,300,"sd","13:58:58",2605600
27650,-150,5800,"bu","13:59:02",2611400
27650,-150,2500,"sd","13:59:08",2613900
27650,-150,200,"sd","13:59:10",2614100
27650,-150,4100,"sd","13:59:16",2618200
27600,-200,700,"bu","13:59:18",2618900
27650,-150,700,"bu","13:59:39",2619600
27650,-150,2000,"bu","13:59:46",2621600
27650,-150,5700,"bu","13:59:48",2627300
27650,-150,100,"bu","13:59:50",2627400
27650,-150,2000,"bu","13:59:53",2629400
27650,-150,200,"bu","13:59:55",2629600
27650,-150,400,"bu","13:59:57",2630000
27650,-150,1000,"bu","13:59:59",2631000
27650,-150,8000,"bu","14:00:04",2639000
27650,-150,700,"sd","14:00:06",2639700
27650,-150,200,"bu","14:00:10",2639900
27650,-150,300,"sd","14:00:12",2640200
27650,-150,2800,"sd","14:00:14",2643000
27650,-150,700,"sd","14:00:16",2643700
27650,-150,11000,"sd","14:00:18",2654700
27650,-150,100,"bu","14:00:22",2654800
27650,-150,10000,"bu","14:00:29",2664800
27650,-150,200,"sd","14:00:34",2665000
27650,-150,800,"sd","14:00:39",2665800
27650,-150,3500,"sd","14:00:43",2669300
27650,-150,500,"bu","14:00:49",2669800
27650,-150,1500,"bu","14:00:51",2671300
27650,-150,2000,"sd","14:00:53",2673300
27650,-150,5800,"bu","14:00:55",2679100
27650,-150,1000,"bu","14:00:57",2680100
27650,-150,300,"sd","14:01:00",2680400
27650,-150,1000,"sd","14:01:02",2681400
27650,-150,500,"bu","14:01:04",2681900
27650,-150,600,"sd","14:01:07",2682500
27650,-150,700,"sd","14:01:09",2683200
27650,-150,300,"bu","14:01:16",2683500
27650,-150,5000,"bu","14:01:18",2688500
27650,-150,10700,"sd","14:01:21",2699200
27650,-150,20100,"sd","14:01:27",2719300
27650,-150,500,"bu","14:01:33",2719800
27600,-200,51600,"bu","14:01:42",2771400
27600,-200,50000,"bu","14:01:48",2821400
27650,-150,500,"sd","14:01:50",2821900
27650,-150,11400,"bu","14:01:54",2833300
27650,-150,500,"sd","14:01:56",2833800
27650,-150,1500,"sd","14:02:09",2835300
27650,-150,200,"sd","14:02:18",2835500
27650,-150,100,"bu","14:02:34",2835600
27650,-150,300,"sd","14:02:36",2835900
27650,-150,100,"bu","14:02:44",2836000
27650,-150,20000,"sd","14:02:58",2856000
27650,-150,3000,"sd","14:03:05",2859000
27650,-150,3100,"bu","14:03:09",2862100
27650,-150,100,"bu","14:03:21",2862200
27650,-150,5100,"sd","14:03:27",2867300
27650,-150,200,"bu","14:03:31",2867500
27650,-150,100,"bu","14:03:33",2867600
27650,-150,600,"bu","14:03:46",2868200
27650,-150,12400,"bu","14:03:48",2880600
27650,-150,5000,"sd","14:03:52",2885600
27650,-150,400,"bu","14:03:54",2886000
27650,-150,18500,"bu","14:03:56",2904500
27650,-150,2500,"sd","14:04:02",2907000
27650,-150,11500,"sd","14:04:05",2918500
27650,-150,100,"sd","14:04:09",2918600
27650,-150,200,"sd","14:04:17",2918800
27650,-150,2000,"bu","14:04:19",2920800
27650,-150,100,"sd","14:04:23",2920900
27650,-150,1000,"sd","14:04:25",2921900
27650,-150,7100,"bu","14:04:27",2929000
27650,-150,500,"sd","14:04:30",2929500
27650,-150,2500,"sd","14:04:39",2932000
27650,-150,300,"bu","14:04:43",2932300
27650,-150,1000,"sd","14:04:49",2933300
27650,-150,1800,"bu","14:04:51",2935100
27650,-150,500,"sd","14:05:11",2935600
27650,-150,1500,"bu","14:05:15",2937100
27650,-150,600,"bu","14:05:17",2937700
27650,-150,1000,"bu","14:05:19",2938700
27650,-150,4100,"bu","14:05:26",2942800
27650,-150,3700,"sd","14:05:33",2946500
27650,-150,300,"bu","14:05:37",2946800
27650,-150,1000,"bu","14:05:40",2947800
27650,-150,10200,"bu","14:05:44",2958000
27650,-150,500,"bu","14:05:46",2958500
27650,-150,100,"sd","14:05:49",2958600
27650,-150,1400,"sd","14:06:00",2960000
27650,-150,25200,"bu","14:06:24",2985200
27650,-150,100,"sd","14:06:33",2985300
27650,-150,200,"bu","14:06:41",2985500
27650,-150,600,"bu","14:06:51",2986100
27650,-150,10000,"bu","14:07:09",2996100
27650,-150,100,"sd","14:07:13",2996200
27650,-150,7000,"sd","14:07:16",3003200
27650,-150,200,"sd","14:07:18",3003400
27650,-150,5000,"sd","14:07:22",3008400
27600,-200,1000,"sd","14:07:35",3009400
27650,-150,5100,"sd","14:07:37",3014500
27650,-150,500,"bu","14:07:52",3015000
27650,-150,10100,"sd","14:08:05",3025100
27650,-150,200,"bu","14:08:19",3025300
27650,-150,100,"bu","14:08:22",3025400
27650,-150,200,"sd","14:08:35",3025600
27650,-150,10000,"bu","14:08:49",3035600
27650,-150,100,"sd","14:08:51",3035700
27650,-150,500,"sd","14:08:54",3036200
27650,-150,53600,"bu","14:09:04",3089800
27650,-150,500,"bu","14:09:09",3090300
27650,-150,15500,"sd","14:09:36",3105800
27600,-200,22400,"bu","14:09:39",3128200
27600,-200,5000,"bu","14:10:14",3133200
27600,-200,1800,"bu","14:10:16",3135000
27600,-200,400,"bu","14:10:33",3135400
27600,-200,5200,"bu","14:10:42",3140600
27600,-200,1000,"sd","14:10:52",3141600
27600,-200,500,"sd","14:11:03",3142100
27600,-200,300,"bu","14:11:12",3142400
27600,-200,3000,"sd","14:11:51",3145400
27600,-200,39000,"sd","14:12:17",3184400
27600,-200,3000,"sd","14:12:22",3187400
27600,-200,20000,"sd","14:12:39",3207400
27600,-200,20500,"bu","14:12:46",3227900
27600,-200,4500,"bu","14:12:48",3232400
27600,-200,14000,"sd","14:12:53",3246400
27600,-200,6700,"sd","14:12:56",3253100
27550,-250,6100,"sd","14:13:07",3259200
27550,-250,30000,"sd","14:13:12",3289200
27600,-200,1000,"bu","14:13:14",3290200
27550,-250,20000,"bu","14:13:17",3310200
27550,-250,500,"sd","14:13:33",3310700
27550,-250,50000,"bu","14:13:40",3360700
27550,-250,10900,"bu","14:13:42",3371600
27550,-250,7200,"bu","14:13:47",3378800
27550,-250,1500,"sd","14:13:49",3380300
27550,-250,500,"sd","14:13:52",3380800
27550,-250,6200,"bu","14:14:01",3387000
27550,-250,1000,"bu","14:14:18",3388000
27550,-250,1000,"bu","14:14:37",3389000
27550,-250,500,"bu","14:14:44",3389500
27550,-250,3000,"bu","14:14:45",3392500
27550,-250,3100,"sd","14:14:50",3395600
27600,-200,1000,"sd","14:14:53",3396600
27500,-300,83000,"sd","14:14:55",3479600
27550,-250,100,"sd","14:15:03",3479700
27550,-250,300,"bu","14:15:19",3480000
27550,-250,5300,"bu","14:15:23",3485300
27550,-250,100,"bu","14:15:32",3485400
27550,-250,400,"bu","14:15:34",3485800
27550,-250,500,"sd","14:15:36",3486300
27550,-250,100,"sd","14:15:39",3486400
27550,-250,2800,"sd","14:15:43",3489200
27550,-250,300,"bu","14:15:45",3489500
27550,-250,200,"sd","14:15:48",3489700
27550,-250,1500,"sd","14:15:50",3491200
27550,-250,500,"bu","14:15:52",3491700
27550,-250,100,"bu","14:15:55",3491800
27550,-250,200,"sd","14:16:04",3492000
27550,-250,3000,"bu","14:16:09",3495000
27550,-250,1000,"sd","14:16:12",3496000
27550,-250,11400,"sd","14:16:14",3507400
27550,-250,10000,"sd","14:16:16",3517400
27550,-250,3100,"sd","14:16:26",3520500
27550,-250,800,"bu","14:16:28",3521300
27550,-250,300,"bu","14:16:31",3521600
27550,-250,900,"bu","14:16:33",3522500
27550,-250,2600,"sd","14:16:36",3525100
27550,-250,2400,"sd","14:16:38",3527500
27550,-250,1700,"sd","14:16:40",3529200
27550,-250,100,"sd","14:16:43",3529300
27550,-250,800,"bu","14:16:49",3530100
27550,-250,700,"sd","14:16:54",3530800
27550,-250,1500,"bu","14:16:56",3532300
27550,-250,100,"bu","14:16:59",3532400
27550,-250,500,"bu","14:17:02",3532900
27500,-300,6500,"sd","14:17:05",3539400
27550,-250,30000,"bu","14:17:07",3569400
27550,-250,100,"bu","14:17:10",3569500
27500,-300,500,"bu","14:17:12",3570000
27550,-250,200,"sd","14:17:15",3570200
27550,-250,2000,"sd","14:17:22",3572200
27500,-300,18000,"sd","14:17:24",3590200
27500,-300,200,"sd","14:17:29",3590400
27500,-300,186200,"sd","14:17:39",3776600
27500,-300,1200,"bu","14:17:41",3777800
27550,-250,27000,"sd","14:17:43",3804800
27500,-300,50000,"bu","14:17:46",3854800
27500,-300,24500,"bu","14:17:49",3879300
27500,-300,1000,"sd","14:17:52",3880300
27500,-300,19000,"sd","14:17:54",3899300
27500,-300,500,"bu","14:17:56",3899800
27500,-300,800,"bu","14:17:58",3900600
27450,-350,5000,"sd","14:18:00",3905600
27500,-300,300,"bu","14:18:02",3905900
27500,-300,200,"bu","14:18:05",3906100
27500,-300,29300,"bu","14:18:07",3935400
27450,-350,19600,"sd","14:18:29",3955000
27400,-400,40000,"bu","14:18:31",3995000
27450,-350,100,"sd","14:18:33",3995100
27400,-400,800,"bu","14:18:38",3995900
27450,-350,5600,"sd","14:18:40",4001500
27400,-400,2500,"sd","14:18:45",4004000
27400,-400,8800,"sd","14:18:47",4012800
27400,-400,6000,"sd","14:18:49",4018800
27400,-400,700,"bu","14:18:52",4019500
27400,-400,13900,"bu","14:18:54",4033400
27350,-450,12100,"sd","14:18:56",4045500
27350,-450,10000,"bu","14:19:01",4055500
27300,-500,12000,"bu","14:19:03",4067500
27300,-500,14000,"sd","14:19:06",4081500
27400,-400,800,"sd","14:19:08",4082300
27400,-400,500,"bu","14:19:13",4082800
27350,-450,8100,"bu","14:19:15",4090900
27400,-400,200,"bu","14:19:19",4091100
27400,-400,3000,"sd","14:19:22",4094100
27400,-400,100,"bu","14:19:24",4094200
27400,-400,5000,"sd","14:19:26",4099200
27400,-400,100,"sd","14:19:29",4099300
27400,-400,4500,"sd","14:19:36",4103800
27400,-400,100,"sd","14:19:38",4103900
27400,-400,300,"sd","14:19:40",4104200
27400,-400,100,"bu","14:19:42",4104300
27400,-400,600,"bu","14:19:44",4104900
27400,-400,5900,"bu","14:19:47",4110800
27400,-400,400,"bu","14:19:49",4111200
27400,-400,22200,"bu","14:19:51",4133400
27400,-400,24100,"sd","14:19:54",4157500
27400,-400,21500,"sd","14:19:56",4179000
27400,-400,500,"bu","14:20:01",4179500
27450,-350,5000,"sd","14:20:03",4184500
27400,-400,2000,"bu","14:20:05",4186500
27450,-350,300,"sd","14:20:08",4186800
27450,-350,1100,"bu","14:20:12",4187900
27450,-350,700,"bu","14:20:14",4188600
27450,-350,900,"bu","14:20:19",4189500
27450,-350,500,"bu","14:20:21",4190000
27450,-350,11100,"sd","14:20:24",4201100
27450,-350,300,"bu","14:20:30",4201400
27450,-350,5000,"bu","14:20:37",4206400
27450,-350,300,"sd","14:20:42",4206700
27500,-300,4700,"sd","14:20:56",4211400
27450,-350,19300,"bu","14:20:58",4230700
27450,-350,2100,"bu","14:21:06",4232800
27450,-350,900,"bu","14:21:10",4233700
27400,-400,22100,"sd","14:21:16",4255800
27450,-350,1000,"bu","14:21:47",4256800
27400,-400,7500,"bu","14:21:50",4264300
27400,-400,100,"bu","14:22:02",4264400
27400,-400,300,"bu","14:22:04",4264700
27400,-400,5100,"bu","14:22:07",4269800
27400,-400,51000,"sd","14:22:22",4320800
27400,-400,5800,"bu","14:22:36",4326600
27400,-400,9000,"bu","14:22:38",4335600
27350,-450,10000,"sd","14:22:41",4345600
27400,-400,1000,"sd","14:22:46",4346600
27400,-400,5000,"sd","14:22:57",4351600
27400,-400,200,"bu","14:23:00",4351800
27400,-400,1300,"bu","14:23:02",4353100
27400,-400,1200,"sd","14:23:04",4354300
27400,-400,2000,"bu","14:23:07",4356300
27350,-450,19500,"bu","14:23:14",4375800
27400,-400,10100,"bu","14:23:27",4385900
27400,-400,2000,"sd","14:23:29",4387900
27400,-400,5000,"bu","14:23:31",4392900
27400,-400,200,"bu","14:23:34",4393100
27400,-400,4200,"sd","14:23:47",4397300
27400,-400,600,"bu","14:23:52",4397900
27400,-400,1800,"sd","14:23:54",4399700
27400,-400,1300,"sd","14:23:57",4401000
27400,-400,4900,"sd","14:23:59",4405900
27400,-400,3100,"sd","14:24:04",4409000
27400,-400,100,"sd","14:24:07",4409100
27400,-400,800,"sd","14:24:12",4409900
27400,-400,800,"bu","14:24:14",4410700
27400,-400,8700,"sd","14:24:17",4419400
27400,-400,400,"bu","14:24:19",4419800
27400,-400,700,"sd","14:24:21",4420500
27400,-400,300,"sd","14:24:24",4420800
27400,-400,5700,"sd","14:24:32",4426500
27400,-400,1100,"bu","14:24:34",4427600
27400,-400,1100,"sd","14:24:37",4428700
27400,-400,3500,"sd","14:24:40",4432200
27400,-400,600,"sd","14:24:43",4432800
27400,-400,6600,"bu","14:24:53",4439400
27400,-400,100,"bu","14:24:55",4439500
27400,-400,400,"bu","14:24:57",4439900
27400,-400,100,"sd","14:25:04",4440000
27400,-400,500,"sd","14:25:07",4440500
27400,-400,2200,"bu","14:25:09",4442700
27400,-400,500,"bu","14:25:17",4443200
27400,-400,6500,"bu","14:25:29",4449700
27400,-400,20400,"sd","14:25:33",4470100
27400,-400,1000,"bu","14:25:38",4471100
27400,-400,1300,"bu","14:25:40",4472400
27400,-400,500,"bu","14:25:42",4472900
27400,-400,2000,"bu","14:25:45",4474900
27400,-400,9600,"bu","14:25:52",4484500
27450,-350,1000,"sd","14:25:55",4485500
27400,-400,1400,"sd","14:26:01",4486900
27450,-350,100,"sd","14:26:03",4487000
27450,-350,200,"bu","14:26:05",4487200
27400,-400,1000,"bu","14:26:10",4488200
27400,-400,20000,"sd","14:26:17",4508200
27400,-400,500,"bu","14:26:20",4508700
27400,-400,9300,"sd","14:26:27",4518000
27400,-400,200,"bu","14:26:29",4518200
27400,-400,1300,"bu","14:26:32",4519500
27400,-400,100,"sd","14:26:34",4519600
27400,-400,5000,"sd","14:26:37",4524600
27400,-400,300,"sd","14:26:39",4524900
27400,-400,1200,"bu","14:26:42",4526100
27400,-400,1200,"sd","14:26:45",4527300
27400,-400,2600,"bu","14:26:47",4529900
27400,-400,300,"bu","14:26:49",4530200
27350,-450,5100,"sd","14:26:51",4535300
27400,-400,3900,"sd","14:26:54",4539200
27400,-400,1600,"bu","14:26:58",4540800
27400,-400,2000,"sd","14:27:03",4542800
27400,-400,5800,"bu","14:27:06",4548600
27400,-400,11800,"bu","14:27:08",4560400
27400,-400,21100,"bu","14:27:15",4581500
27400,-400,1700,"bu","14:27:17",4583200
27400,-400,12200,"sd","14:27:20",4595400
27400,-400,8800,"bu","14:27:38",4604200
27400,-400,500,"bu","14:28:03",4604700
27400,-400,2500,"sd","14:28:18",4607200
27450,-350,500,"sd","14:28:23",4607700
27400,-400,1000,"bu","14:28:30",4608700
27450,-350,1100,"sd","14:28:35",4609800
27450,-350,400,"bu","14:28:53",4610200
27400,-400,2500,"bu","14:28:58",4612700
27400,-400,43900,"sd","14:29:03",4656600
27400,-400,6500,"bu","14:29:05",4663100
27400,-400,500,"bu","14:29:11",4663600
27400,-400,1000,"sd","14:29:16",4664600
27400,-400,8200,"bu","14:29:18",4672800
27400,-400,2500,"bu","14:29:24",4675300
27400,-400,300,"bu","14:29:27",4675600
27400,-400,8800,"sd","14:29:29",4684400
27350,-450,5000,"bu","14:29:32",4689400
27400,-400,52200,"bu","14:29:38",4741600
27350,-450,500,"sd","14:29:40",4742100
27400,-400,4200,"bu","14:29:43",4746300
27400,-400,2200,"bu","14:29:48",4748500
27400,-400,100,"bu","14:29:53",4748600
27400,-400,1900,"bu","14:29:56",4750500
27400,-400,11000,"bu","14:29:59",4761500
27350,-450,450300,"bu","14:45:06",5211800
