"price","change","match_qtty","side","time","total_vol"
3850,0,11400,"bu","09:15:07",11400
3850,0,1000,"sd","09:15:45",12400
3850,0,5000,"bu","09:17:07",17400
3860,10,500,"bu","09:17:57",17900
3860,10,2500,"sd","09:18:13",20400
3870,20,1000,"bu","09:21:46",21400
3870,20,15700,"sd","09:23:30",37100
3870,20,1700,"bu","09:24:25",38800
3870,20,1000,"sd","09:24:26",39800
3880,30,100,"bu","09:25:51",39900
3880,30,300,"bu","09:27:31",40200
3880,30,5500,"sd","09:28:38",45700
3880,30,2500,"sd","09:29:19",48200
3880,30,13000,"bu","09:29:20",61200
3880,30,6400,"sd","09:29:31",67600
3890,40,100,"bu","09:30:00",67700
3890,40,400,"bu","09:31:20",68100
3900,50,100,"sd","09:31:32",68200
3870,20,1600,"sd","09:32:16",69800
3890,40,100,"sd","09:32:57",69900
3880,30,1100,"bu","09:32:57",71000
3880,30,400,"sd","09:33:02",71400
3870,20,700,"sd","09:33:23",72100
3880,30,400,"bu","09:33:55",72500
3900,50,200,"bu","09:34:28",72700
3880,30,100,"sd","09:34:40",72800
3890,40,300,"bu","09:37:21",73100
3900,50,25200,"sd","09:37:39",98300
3900,50,1700,"bu","09:38:01",100000
3900,50,3300,"bu","09:38:05",103300
3900,50,2000,"sd","09:38:34",105300
3900,50,100,"sd","09:38:38",105400
3900,50,200,"sd","09:39:09",105600
3900,50,500,"bu","09:39:20",106100
3900,50,300,"sd","09:39:38",106400
3900,50,2000,"bu","09:39:43",108400
3900,50,500,"bu","09:39:55",108900
3900,50,2500,"sd","09:40:30",111400
3900,50,500,"sd","09:40:37",111900
3910,60,600,"bu","09:40:48",112500
3900,50,1200,"bu","09:41:09",113700
3900,50,600,"bu","09:44:28",114300
3900,50,1400,"sd","09:44:35",115700
3900,50,2900,"sd","09:45:09",118600
3900,50,500,"bu","09:45:19",119100
3900,50,400,"sd","09:45:23",119500
3890,40,18000,"sd","09:46:10",137500
3880,30,500,"sd","09:46:19",138000
3880,30,10000,"sd","09:48:00",148000
3880,30,12800,"bu","09:48:32",160800
3880,30,500,"sd","09:48:40",161300
3890,40,200,"sd","09:48:46",161500
3890,40,1300,"bu","09:48:52",162800
3890,40,100,"sd","09:49:12",162900
3890,40,200,"sd","09:49:23",163100
3890,40,2000,"sd","09:49:31",165100
3900,50,9700,"sd","09:53:59",174800
3910,60,3000,"bu","09:54:18",177800
3900,50,2400,"sd","09:58:21",180200
3900,50,1000,"bu","09:58:46",181200
3900,50,1100,"bu","09:59:49",182300
3900,50,200,"bu","10:00:39",182500
3900,50,500,"sd","10:01:21",183000
3910,60,2000,"bu","10:01:33",185000
3900,50,200,"bu","10:03:36",185200
3900,50,100,"sd","10:04:26",185300
3900,50,900,"sd","10:04:56",186200
3890,40,21600,"bu","10:07:32",207800
3890,40,4000,"bu","10:09:13",211800
3890,40,2200,"sd","10:10:20",214000
3890,40,2200,"bu","10:10:59",216200
3890,40,7800,"bu","10:14:48",224000
3890,40,1000,"sd","10:15:58",225000
3890,40,8200,"bu","10:16:00",233200
3880,30,1300,"sd","10:19:18",234500
3880,30,10000,"bu","10:22:34",244500
3880,30,900,"sd","10:23:25",245400
3890,40,5000,"sd","10:23:33",250400
3890,40,300,"sd","10:24:07",250700
3890,40,16300,"bu","10:25:04",267000
3880,30,3800,"sd","10:25:20",270800
3890,40,1800,"sd","10:27:45",272600
3890,40,1000,"bu","10:28:48",273600
3890,40,400,"bu","10:29:09",274000
3900,50,800,"bu","10:30:02",274800
3900,50,1000,"bu","10:30:58",275800
3890,40,100,"bu","10:36:38",275900
3890,40,400,"bu","10:38:53",276300
3890,40,2000,"sd","10:39:51",278300
3890,40,5000,"sd","10:40:55",283300
3890,40,300,"bu","10:41:07",283600
3890,40,1000,"bu","10:42:17",284600
3890,40,200,"sd","10:42:41",284800
3890,40,100,"bu","10:42:45",284900
3900,50,400,"bu","10:45:02",285300
3900,50,2400,"bu","10:45:37",287700
3900,50,600,"bu","10:46:49",288300
3890,40,1400,"bu","10:51:19",289700
3890,40,7000,"bu","10:52:14",296700
3890,40,5000,"bu","10:54:13",301700
3890,40,5000,"sd","10:54:31",306700
3890,40,200,"sd","10:55:18",306900
3890,40,5000,"sd","10:55:49",311900
3890,40,10000,"bu","10:56:53",321900
3890,40,4000,"sd","10:56:54",325900
3890,40,5000,"sd","10:56:59",330900
3890,40,300,"sd","10:57:13",331200
3890,40,2700,"bu","10:57:46",333900
3880,30,3000,"bu","10:58:46",336900
3880,30,18000,"bu","11:00:35",354900
3880,30,6700,"sd","11:00:36",361600
3870,20,12000,"bu","11:00:43",373600
3870,20,3000,"sd","11:02:40",376600
3880,30,200,"bu","11:03:21",376800
3880,30,1500,"bu","11:03:32",378300
3880,30,100,"sd","11:04:11",378400
3880,30,200,"sd","11:04:35",378600
3880,30,700,"sd","11:06:14",379300
3880,30,12800,"bu","11:10:48",392100
3880,30,2600,"bu","11:10:59",394700
3890,40,200,"sd","11:12:58",394900
3900,50,700,"bu","11:13:59",395600
3890,40,9800,"sd","11:14:08",405400
3880,30,100,"bu","11:17:10",405500
3880,30,1300,"bu","11:20:52",406800
3870,20,25000,"bu","11:25:00",431800
3870,20,1000,"sd","11:25:07",432800
3870,20,5000,"sd","11:25:47",437800
3870,20,500,"sd","11:28:24",438300
3870,20,500,"sd","11:29:29",438800
3880,30,100,"sd","13:00:34",438900
3880,30,6400,"sd","13:03:39",445300
3880,30,300,"bu","13:04:00",445600
3870,20,2000,"sd","13:04:15",447600
3870,20,600,"sd","13:06:43",448200
3870,20,5900,"sd","13:07:28",454100
3870,20,1400,"bu","13:08:04",455500
3860,10,500,"sd","13:08:53",456000
3880,30,10000,"bu","13:11:30",466000
3860,10,600,"bu","13:12:10",466600
3880,30,200,"sd","13:12:13",466800
3860,10,19600,"bu","13:12:34",486400
3860,10,100,"sd","13:13:08",486500
3860,10,200,"sd","13:13:11",486700
3860,10,20000,"bu","13:13:35",506700
3860,10,100,"bu","13:13:42",506800
3880,30,1000,"bu","13:14:37",507800
3860,10,400,"sd","13:14:48",508200
3870,20,800,"sd","13:15:13",509000
3870,20,1600,"sd","13:15:30",510600
3870,20,600,"sd","13:15:55",511200
3870,20,2000,"bu","13:16:30",513200
3870,20,1100,"bu","13:17:49",514300
3870,20,4800,"sd","13:17:58",519100
3870,20,1500,"sd","13:18:46",520600
3870,20,2000,"bu","13:19:58",522600
3860,10,3400,"bu","13:20:51",526000
3860,10,22500,"sd","13:22:14",548500
3870,20,100,"bu","13:22:19",548600
3860,10,3200,"bu","13:23:10",551800
3860,10,5000,"sd","13:23:27",556800
3860,10,300,"sd","13:23:47",557100
3860,10,2000,"bu","13:24:07",559100
3860,10,10000,"sd","13:24:55",569100
3860,10,5000,"sd","13:25:11",574100
3860,10,1000,"bu","13:25:24",575100
3860,10,2000,"sd","13:27:28",577100
3860,10,400,"bu","13:28:37",577500
3850,0,3400,"bu","13:30:05",580900
3850,0,17100,"bu","13:30:07",598000
3860,10,600,"sd","13:30:57",598600
3850,0,2700,"bu","13:31:43",601300
3860,10,200,"sd","13:31:47",601500
3860,10,6200,"bu","13:32:55",607700
3860,10,100,"sd","13:33:30",607800
3860,10,1000,"sd","13:34:20",608800
3860,10,2500,"bu","13:35:05",611300
3860,10,100,"sd","13:35:39",611400
3860,10,2000,"bu","13:38:22",613400
3860,10,2700,"sd","13:38:56",616100
3860,10,400,"bu","13:39:07",616500
3860,10,100,"sd","13:39:46",616600
3860,10,6000,"sd","13:40:31",622600
3860,10,100,"sd","13:40:44",622700
3860,10,11900,"bu","13:41:27",634600
3860,10,400,"bu","13:41:51",635000
3860,10,600,"sd","13:42:05",635600
3860,10,2100,"sd","13:42:07",637700
3850,0,3400,"bu","13:42:27",641100
3860,10,4600,"sd","13:42:59",645700
3860,10,1000,"sd","13:45:06",646700
3850,0,10000,"sd","13:46:29",656700
3850,0,12000,"sd","13:50:59",668700
3860,10,100,"bu","13:52:52",668800
3860,10,1000,"sd","13:54:48",669800
3860,10,500,"sd","13:55:07",670300
3850,0,5000,"sd","13:55:25",675300
3860,10,100,"sd","13:55:27",675400
3860,10,500,"sd","13:57:26",675900
3860,10,36600,"bu","13:57:30",712500
3860,10,500,"bu","13:57:57",713000
3860,10,300,"sd","13:58:12",713300
3860,10,400,"sd","13:58:23",713700
3860,10,1500,"sd","13:58:30",715200
3870,20,2000,"bu","14:01:04",717200
3860,10,300,"sd","14:03:48",717500
3860,10,7100,"sd","14:04:32",724600
3860,10,600,"sd","14:04:34",725200
3860,10,1400,"sd","14:04:56",726600
3860,10,2000,"sd","14:05:07",728600
3860,10,100,"sd","14:05:17",728700
3860,10,300,"sd","14:06:57",729000
3860,10,100,"bu","14:08:45",729100
3860,10,10000,"bu","14:11:03",739100
3860,10,300,"bu","14:11:05",739400
3860,10,800,"sd","14:13:09",740200
3860,10,2100,"bu","14:13:26",742300
3860,10,100,"bu","14:13:52",742400
3860,10,4000,"sd","14:15:03",746400
3870,20,100,"bu","14:15:05",746500
3870,20,600,"bu","14:17:43",747100
3870,20,8700,"sd","14:18:24",755800
3870,20,400,"sd","14:18:58",756200
3860,10,3600,"sd","14:20:10",759800
3860,10,400,"sd","14:22:15",760200
3860,10,500,"sd","14:22:55",760700
3860,10,1000,"sd","14:23:02",761700
3860,10,10100,"sd","14:23:14",771800
3860,10,100,"bu","14:24:45",771900
3850,0,400,"bu","14:25:29",772300
3850,0,800,"sd","14:25:47",773100
3850,0,100,"bu","14:25:52",773200
3850,0,2200,"sd","14:26:45",775400
3850,0,13000,"sd","14:26:49",788400
3850,0,2100,"sd","14:27:15",790500
3860,10,100,"bu","14:27:33",790600
3860,10,400,"sd","14:28:01",791000
3850,0,14000,"bu","14:28:11",805000
3850,0,8000,"sd","14:28:20",813000
3850,0,2000,"bu","14:28:28",815000
3860,10,4000,"sd","14:28:30",819000
3860,10,200,"sd","14:28:43",819200
3860,10,3400,"sd","14:28:58",822600
3850,0,35200,"sd","14:45:11",857800
