"price","change","match_qtty","side","time","total_vol"
20900,200,87500,"sd","09:15:05",87500
20850,150,800,"bu","09:15:10",88300
20900,200,3200,"sd","09:17:02",98400
20900,200,400,"sd","09:17:15",98800
20900,200,100,"bu","09:17:34",98900
20850,150,200,"sd","09:17:38",99100
20850,150,1000,"bu","09:17:58",100100
20850,150,22200,"bu","09:18:03",122300
20850,150,900,"sd","09:18:08",123200
20850,150,2300,"sd","09:18:20",125500
20850,150,200,"bu","09:18:31",125700
20850,150,1200,"bu","09:18:43",126900
20800,100,5000,"bu","09:18:49",131900
20850,150,25500,"sd","09:18:51",157400
20900,200,27700,"bu","09:19:03",185100
20900,200,300,"sd","09:19:15",185400
20900,200,2000,"bu","09:19:18",187400
20950,250,2300,"bu","09:19:23",189700
20900,200,3000,"sd","09:19:26",192700
20900,200,100,"sd","09:19:28",192800
20950,250,2100,"bu","09:20:02",194900
20900,200,2000,"sd","09:20:06",196900
20900,200,100,"sd","09:20:20",197000
20950,250,1100,"sd","09:20:43",198100
20950,250,3200,"sd","09:20:45",201300
20950,250,2500,"sd","09:20:49",203800
20950,250,200,"bu","09:20:50",204000
20950,250,100,"sd","09:21:05",204100
20900,200,59000,"sd","09:21:07",263100
20850,150,100,"sd","09:21:23",263200
20850,150,6000,"sd","09:21:29",269200
20900,200,1900,"sd","09:21:30",271100
20850,150,6000,"sd","09:21:50",277100
20900,200,20000,"bu","09:22:12",297100
20900,200,1000,"sd","09:22:24",298100
20900,200,1500,"bu","09:22:51",299600
20900,200,2400,"sd","09:22:57",302000
20900,200,4400,"bu","09:23:18",306400
20850,150,17400,"bu","09:23:21",323800
20850,150,300,"sd","09:23:22",324100
20850,150,10000,"bu","09:23:34",334100
20850,150,300,"bu","09:23:36",334400
20850,150,4500,"sd","09:23:45",338900
20850,150,10000,"sd","09:23:47",348900
20800,100,1000,"sd","09:24:01",349900
20800,100,500,"bu","09:24:10",350400
20800,100,1000,"bu","09:24:20",351400
20850,150,100,"sd","09:24:23",351500
20850,150,1000,"sd","09:24:47",352500
20850,150,1500,"bu","09:25:10",354000
20850,150,1100,"bu","09:25:19",355100
20850,150,10000,"bu","09:25:23",365100
20850,150,1100,"bu","09:25:24",366200
20800,100,42500,"sd","09:25:32",408700
20800,100,1100,"bu","09:25:33",409800
20850,150,6900,"sd","09:25:33",416700
20850,150,5000,"bu","09:25:34",421700
20850,150,1100,"sd","09:25:37",422800
20850,150,100,"sd","09:25:40",422900
20800,100,400,"bu","09:26:00",423300
20850,150,25000,"bu","09:26:02",448300
20850,150,2300,"bu","09:26:17",450600
20800,100,2000,"bu","09:26:35",452600
20850,150,100,"sd","09:26:39",452700
20850,150,2300,"bu","09:26:49",455000
20850,150,2000,"sd","09:26:58",457000
20850,150,2100,"sd","09:27:00",459100
20850,150,300,"sd","09:27:04",459400
20850,150,400,"bu","09:27:24",459800
20850,150,2300,"sd","09:27:37",462100
20800,100,300,"sd","09:27:53",462400
20800,100,13600,"bu","09:28:10",476000
20800,100,1900,"sd","09:28:56",477900
20800,100,3000,"bu","09:28:58",483200
20750,50,100,"sd","09:29:22",483400
20750,50,500,"bu","09:29:46",483900
20800,100,2300,"bu","09:29:53",486200
20750,50,68000,"bu","09:29:56",554200
20750,50,3200,"bu","09:29:57",557400
20750,50,23400,"bu","09:30:07",580800
20750,50,10000,"bu","09:30:18",590800
20750,50,2300,"bu","09:30:25",593100
20750,50,500,"bu","09:30:28",593600
20750,50,1100,"sd","09:30:31",594700
20750,50,100,"bu","09:30:45",594800
20750,50,2300,"bu","09:30:50",597100
20750,50,2500,"sd","09:30:53",599600
20750,50,20000,"bu","09:30:54",619600
20750,50,1800,"bu","09:30:55",621400
20750,50,30000,"bu","09:31:03",651400
20750,50,400,"sd","09:31:07",651800
20750,50,6600,"sd","09:31:18",658400
20750,50,300,"sd","09:31:35",658700
20700,0,77700,"sd","09:31:35",736400
20750,50,100,"bu","09:31:47",736500
20750,50,200,"bu","09:32:27",736700
20750,50,10000,"sd","09:32:35",746700
20750,50,200,"bu","09:32:48",746900
20700,0,1100,"bu","09:32:54",748000
20750,50,1000,"sd","09:33:03",749000
20750,50,5000,"bu","09:33:04",754000
20750,50,2500,"sd","09:33:19",756500
20750,50,1100,"bu","09:33:20",757600
20750,50,100,"bu","09:33:36",757700
20750,50,200,"sd","09:33:49",757900
20750,50,1600,"bu","09:34:03",759500
20750,50,1200,"sd","09:34:07",760700
20750,50,10000,"bu","09:34:28",770800
20750,50,50000,"sd","09:34:38",820800
20700,0,100,"sd","09:35:08",820900
20750,50,4400,"bu","09:35:22",825300
20700,0,1600,"bu","09:35:39",826900
20750,50,4400,"sd","09:35:54",831300
20750,50,3800,"bu","09:35:55",835100
20750,50,1000,"bu","09:36:10",836100
20750,50,5500,"sd","09:36:27",841600
20750,50,100,"sd","09:36:30",841700
20750,50,500,"sd","09:36:35",842200
20700,0,1000,"sd","09:36:37",843200
20750,50,1000,"sd","09:36:39",844200
20800,100,4400,"bu","09:36:43",848600
20750,50,100,"sd","09:36:45",848700
20750,50,200,"bu","09:37:23",848900
20750,50,25100,"sd","09:37:55",874000
20750,50,100,"bu","09:38:14",874100
20750,50,1900,"sd","09:38:35",876000
20750,50,3000,"sd","09:38:47",879000
20750,50,3100,"sd","09:39:58",882100
20700,0,5800,"bu","09:41:26",887900
20700,0,1200,"sd","09:41:53",889100
20700,0,7300,"bu","09:41:54",909100
20750,50,1000,"sd","09:41:58",910100
20750,50,100,"sd","09:42:08",910200
20750,50,300,"sd","09:42:19",910500
20750,50,100,"bu","09:42:31",910600
20750,50,400,"bu","09:42:39",911000
20750,50,1700,"bu","09:43:15",912700
20750,50,3700,"sd","09:44:19",916400
20750,50,47700,"sd","09:45:35",964100
20700,0,20000,"sd","09:45:36",984100
20750,50,2000,"sd","09:45:59",986100
20700,0,4500,"sd","09:46:08",990600
20750,50,1000,"bu","09:46:18",991600
20800,100,1700,"bu","09:46:18",993300
20750,50,200,"bu","09:46:21",993500
20750,50,300,"bu","09:46:30",993800
20750,50,200,"bu","09:46:32",994000
20750,50,500,"bu","09:46:43",994500
20750,50,9300,"bu","09:46:47",1003800
20750,50,10000,"sd","09:48:20",1013800
20750,50,5000,"sd","09:48:24",1018800
20750,50,800,"sd","09:48:27",1019600
20750,50,200,"sd","09:48:47",1019800
20800,100,1700,"sd","09:49:04",1021500
20750,50,600,"bu","09:49:11",1022100
20800,100,1700,"bu","09:50:05",1023800
20800,100,200,"bu","09:50:32",1024000
20800,100,2000,"bu","09:51:24",1026000
20800,100,100,"bu","09:51:45",1026100
20800,100,5100,"sd","09:51:53",1031200
20800,100,99600,"sd","09:51:58",1130800
20800,100,100,"bu","09:51:59",1130900
20800,100,2700,"sd","09:52:08",1133600
20800,100,1400,"bu","09:52:18",1135000
20800,100,5000,"bu","09:52:32",1140000
20800,100,100,"sd","09:52:49",1140100
20850,150,1700,"sd","09:52:55",1141800
20850,150,4400,"bu","09:53:25",1146200
20850,150,50000,"sd","09:54:00",1196200
20800,100,5000,"sd","09:54:23",1201200
20850,150,700,"sd","09:54:47",1201900
20800,100,100,"sd","09:55:08",1202000
20800,100,400,"sd","09:55:46",1202400
20800,100,600,"sd","09:55:51",1203000
20800,100,100,"bu","09:56:14",1203100
20800,100,2600,"bu","09:58:01",1205700
20800,100,500,"bu","09:58:38",1206200
20800,100,6000,"bu","09:58:53",1212200
20800,100,87200,"bu","09:59:07",1299400
20800,100,2000,"bu","09:59:08",1301400
20800,100,100,"sd","09:59:13",1301500
20800,100,600,"bu","09:59:18",1302100
20800,100,100,"bu","09:59:39",1302200
20800,100,300,"bu","10:00:23",1302500
20750,50,10100,"bu","10:01:50",1312600
20800,100,500,"sd","10:02:32",1313100
20800,100,1000,"bu","10:02:56",1314100
20800,100,100,"sd","10:03:13",1314200
20800,100,5000,"sd","10:03:40",1319200
20800,100,8000,"sd","10:04:27",1327200
20800,100,200,"sd","10:04:55",1327400
20800,100,1000,"bu","10:06:01",1328400
20800,100,200,"bu","10:06:02",1328600
20850,150,100,"bu","10:06:29",1328700
20800,100,600,"bu","10:08:32",1329300
20850,150,10000,"sd","10:08:33",1339300
20800,100,100,"sd","10:08:57",1339400
20800,100,500,"bu","10:09:12",1339900
20800,100,1500,"sd","10:09:45",1341400
20850,150,500,"bu","10:10:25",1341900
20800,100,700,"bu","10:10:48",1342600
20850,150,1000,"sd","10:11:04",1343600
20850,150,500,"sd","10:11:59",1344100
20800,100,170100,"bu","10:12:26",1514200
20800,100,300,"bu","10:12:49",1514500
20800,100,2600,"bu","10:12:50",1517100
20800,100,500,"bu","10:12:57",1517600
20800,100,1700,"sd","10:13:20",1519300
20800,100,6600,"sd","10:13:26",1525900
20800,100,1700,"sd","10:13:51",1527600
20800,100,500,"sd","10:14:01",1528100
20800,100,1700,"sd","10:14:10",1529800
20800,100,500,"bu","10:14:21",1530300
20750,50,20000,"bu","10:14:51",1550300
20800,100,500,"sd","10:15:12",1550800
20750,50,100000,"bu","10:15:18",1650800
20800,100,7400,"sd","10:15:44",1658200
20800,100,500,"bu","10:15:46",1658700
20750,50,900,"bu","10:15:47",1659600
20750,50,300,"bu","10:15:55",1659900
20800,100,4400,"sd","10:16:06",1664300
20800,100,4400,"sd","10:16:16",1668700
20800,100,4000,"sd","10:16:17",1672700
20800,100,4400,"bu","10:16:29",1677100
20800,100,4500,"sd","10:16:49",1681600
20800,100,600,"bu","10:17:37",1682200
20800,100,100,"sd","10:19:05",1682300
20800,100,13000,"bu","10:19:15",1695300
20800,100,200,"sd","10:19:31",1695500
20800,100,500,"bu","10:19:38",1696000
20800,100,6100,"sd","10:21:41",1702100
20800,100,6900,"bu","10:22:04",1709000
20800,100,6000,"bu","10:22:08",1715000
20750,50,200,"sd","10:22:58",1715200
20800,100,500,"sd","10:23:15",1715700
20800,100,100000,"bu","10:23:26",1815700
20750,50,500,"bu","10:23:27",1816200
20800,100,11800,"sd","10:24:50",1828000
20800,100,700,"sd","10:25:49",1828700
20800,100,400,"sd","10:26:13",1829100
20800,100,4400,"sd","10:26:27",1833500
20800,100,200,"bu","10:26:36",1833700
20750,50,7400,"sd","10:26:57",1841100
20800,100,500,"bu","10:26:59",1841600
20800,100,3000,"bu","10:27:52",1844600
20800,100,300,"sd","10:28:05",1844900
20800,100,200,"sd","10:28:23",1845100
20800,100,700,"bu","10:28:53",1845800
20750,50,200,"bu","10:28:57",1846000
20800,100,10000,"bu","10:29:06",1856000
20800,100,500,"bu","10:29:20",1856500
20800,100,200,"bu","10:30:41",1856700
20800,100,500,"sd","10:30:53",1857200
20800,100,1000,"bu","10:31:31",1858200
20800,100,200,"bu","10:31:52",1858400
20800,100,50000,"sd","10:32:23",1908400
20800,100,400,"bu","10:32:46",1908800
20800,100,2500,"sd","10:32:48",1911300
20800,100,1100,"sd","10:32:53",1912400
20800,100,1000,"sd","10:33:45",1913400
20800,100,300,"sd","10:34:23",1913700
20800,100,500,"sd","10:34:27",1914200
20850,150,500,"sd","10:34:29",1914700
20800,100,200,"bu","10:35:04",1914900
20800,100,800,"bu","10:36:17",1915700
20800,100,500,"bu","10:36:25",1916200
20800,100,14100,"bu","10:37:14",1930300
20800,100,400,"bu","10:37:21",1930700
20800,100,200,"sd","10:37:26",1930900
20850,150,26200,"sd","10:37:35",1957100
20850,150,23500,"sd","10:37:37",1980600
20800,100,200,"sd","10:37:43",1980800
20850,150,13600,"bu","10:37:52",1994400
20850,150,7000,"bu","10:37:56",2001400
20800,100,2600,"sd","10:37:57",2004000
20800,100,1000,"sd","10:38:03",2005000
20800,100,500,"bu","10:38:09",2005500
20800,100,51500,"bu","10:38:38",2057000
20850,150,2000,"bu","10:38:53",2059000
20800,100,200,"bu","10:39:19",2059200
20800,100,500,"bu","10:39:53",2059700
20850,150,70000,"bu","10:40:16",2129700
20800,100,500,"bu","10:40:20",2130200
20850,150,2900,"sd","10:41:05",2133100
20850,150,200,"sd","10:41:26",2133300
20850,150,900,"bu","10:41:29",2134200
20850,150,100,"bu","10:41:33",2134300
20850,150,500,"bu","10:42:00",2134800
20850,150,600,"sd","10:42:52",2135400
20850,150,2000,"sd","10:43:18",2137400
20850,150,500,"sd","10:44:05",2137900
20850,150,1000,"bu","10:45:01",2138900
20850,150,200,"sd","10:45:14",2139100
20850,150,500,"bu","10:45:46",2139600
20800,100,500,"bu","10:46:21",2140100
20800,100,100,"sd","10:46:29",2140200
20800,100,300,"bu","10:46:41",2140500
20800,100,100,"sd","10:47:07",2140600
20800,100,700,"bu","10:47:32",2141300
20800,100,500,"sd","10:47:43",2141800
20800,100,1200,"sd","10:48:12",2143000
20800,100,1100,"bu","10:48:17",2144100
20800,100,500,"sd","10:48:19",2144600
20800,100,47300,"sd","10:49:19",2191900
20800,100,600,"sd","10:49:30",2192500
20800,100,200,"bu","10:49:53",2192700
20800,100,17600,"bu","10:49:55",2210300
20850,150,23500,"bu","10:49:58",2233800
20800,100,1000,"bu","10:50:00",2234800
20850,150,26200,"sd","10:50:04",2261000
20800,100,500,"bu","10:50:07",2261500
20800,100,100,"bu","10:50:41",2261600
20850,150,91000,"sd","10:51:08",2352600
20850,150,100,"sd","10:51:16",2352700
20850,150,2100,"sd","10:52:00",2354800
20850,150,500,"sd","10:52:05",2355300
20850,150,2000,"sd","10:52:09",2357300
20850,150,17000,"sd","10:52:11",2374300
20850,150,200,"sd","10:52:20",2374500
20850,150,2200,"bu","10:52:24",2376700
20850,150,65700,"sd","10:52:41",2442400
20850,150,2400,"bu","10:52:48",2444800
20850,150,50000,"sd","10:52:57",2494800
20850,150,500,"sd","10:53:17",2495300
20800,100,100,"sd","10:53:18",2495400
20800,100,4400,"bu","10:53:56",2499800
20800,100,4400,"bu","10:54:06",2504200
20800,100,300,"sd","10:54:28",2504500
20800,100,100,"bu","10:54:44",2504600
20800,100,1300,"bu","10:54:45",2505900
20800,100,8000,"sd","10:54:53",2513900
20800,100,3000,"sd","10:55:09",2516900
20800,100,4000,"sd","10:55:22",2520900
20850,150,500,"bu","10:55:26",2521400
20850,150,2000,"bu","10:55:34",2523400
20850,150,20000,"sd","10:56:25",2543400
20850,150,300,"sd","10:56:38",2543700
20800,100,20000,"bu","10:57:02",2563700
20850,150,500,"sd","10:57:08",2564200
20800,100,400,"sd","10:57:40",2564600
20800,100,7400,"sd","10:57:44",2572000
20800,100,200,"bu","10:57:59",2572200
20800,100,500,"bu","10:58:18",2572700
20800,100,80000,"bu","10:58:25",2652700
20850,150,26200,"sd","10:58:34",2678900
20800,100,1000,"bu","10:58:36",2679900
20850,150,26200,"sd","10:58:39",2706100
20850,150,15200,"bu","10:58:49",2721300
20900,200,23500,"sd","10:59:00",2744800
20850,150,1000,"bu","10:59:11",2745800
20900,200,13600,"sd","10:59:13",2759400
20850,150,200,"sd","10:59:59",2759600
20900,200,2000,"bu","11:00:25",2761600
20850,150,20000,"bu","11:00:29",2781600
20900,200,7000,"bu","11:00:38",2788600
20850,150,100,"sd","11:00:41",2788700
20900,200,70500,"bu","11:00:45",2859200
20850,150,1000,"bu","11:00:46",2860200
20850,150,500,"bu","11:01:07",2860700
20900,200,8000,"sd","11:01:17",2868700
20900,200,600,"bu","11:01:42",2869300
20900,200,2300,"sd","11:02:26",2871600
20900,200,2400,"sd","11:02:40",2874000
20900,200,500,"bu","11:03:04",2874500
20850,150,100,"sd","11:03:11",2874600
20850,150,5000,"bu","11:03:23",2879600
20900,200,20000,"sd","11:03:30",2899600
20900,200,100,"bu","11:03:48",2899700
20900,200,2000,"sd","11:03:50",2901700
20850,150,100,"sd","11:03:59",2901800
20900,200,1600,"sd","11:04:11",2903400
20900,200,500,"sd","11:04:38",2903900
20850,150,100,"sd","11:04:45",2904000
20850,150,1000,"sd","11:04:48",2905000
20850,150,10400,"bu","11:05:28",2915400
20850,150,4400,"sd","11:05:54",2919800
20850,150,1000,"bu","11:06:13",2920800
20850,150,4400,"bu","11:06:18",2925200
20850,150,4800,"bu","11:06:21",2930000
20900,200,500,"bu","11:06:24",2930500
20850,150,100,"sd","11:06:35",2930600
20850,150,1000,"sd","11:06:38",2931600
20850,150,4400,"bu","11:06:52",2936000
20850,150,4600,"sd","11:07:13",2940600
20850,150,1000,"bu","11:07:25",2941600
20850,150,500,"bu","11:07:31",2942100
20850,150,4000,"sd","11:07:40",2946100
20850,150,4400,"sd","11:07:43",2950500
20850,150,2000,"bu","11:07:47",2952500
20850,150,4400,"bu","11:07:50",2956900
20850,150,10000,"bu","11:08:01",2966900
20850,150,4400,"sd","11:08:10",2971300
20850,150,9700,"bu","11:08:11",2981000
20850,150,500,"sd","11:08:24",2981500
20800,100,11500,"bu","11:11:42",2993000
20850,150,500,"sd","11:12:08",2993500
20800,100,3500,"bu","11:13:10",2997000
20850,150,500,"bu","11:13:29",2997500
20850,150,500,"sd","11:14:02",2998000
20850,150,2000,"sd","11:15:37",3000000
20850,150,500,"bu","11:15:45",3000500
20850,150,2000,"bu","11:15:48",3002500
20800,100,500,"sd","11:16:01",3003000
20800,100,20000,"bu","11:16:18",3023000
20800,100,38000,"sd","11:16:54",3061000
20850,150,2800,"bu","11:17:05",3063800
20800,100,14100,"sd","11:17:59",3077900
20850,150,500,"bu","11:18:04",3078400
20800,100,1000,"bu","11:18:14",3079400
20800,100,10000,"sd","11:18:32",3089400
20800,100,20000,"bu","11:18:57",3109400
20800,100,100,"bu","11:19:05",3109500
20800,100,20000,"bu","11:19:11",3129500
20800,100,200,"bu","11:19:18",3129700
20850,150,100,"bu","11:19:24",3129800
20850,150,500,"bu","11:19:30",3130300
20800,100,40000,"sd","11:19:31",3170300
20800,100,9200,"sd","11:19:39",3179500
20800,100,200,"bu","11:19:41",3179700
20800,100,8500,"bu","11:20:38",3188200
20800,100,100,"sd","11:21:09",3188300
20750,50,800,"bu","11:21:19",3189100
20750,50,100,"bu","11:21:47",3189200
20800,100,200,"sd","11:22:35",3189400
20800,100,500,"bu","11:22:44",3189900
20800,100,500,"bu","11:24:23",3190400
20800,100,10000,"sd","11:25:26",3200400
20800,100,200,"sd","11:25:33",3200600
20800,100,10000,"bu","11:25:41",3210600
20800,100,10000,"sd","11:26:28",3220600
20800,100,9000,"sd","11:27:04",3229600
20800,100,1000,"sd","11:27:27",3230600
20800,100,2000,"bu","11:28:09",3232600
20800,100,200,"bu","11:28:33",3232800
20800,100,10000,"sd","11:28:39",3242800
20800,100,7300,"sd","11:29:04",3250100
20800,100,200,"bu","11:29:55",3250300
20800,100,2000,"sd","11:29:59",3252300
20800,100,100,"sd","11:30:00",3252400
20800,100,4100,"bu","13:00:14",3256500
20800,100,1200,"bu","13:00:15",3257700
20800,100,900,"sd","13:00:17",3258600
20800,100,200,"sd","13:00:23",3258800
20800,100,1100,"sd","13:00:31",3259900
20800,100,100,"sd","13:00:33",3260000
20800,100,7600,"sd","13:00:35",3267600
20800,100,200,"bu","13:00:40",3267800
20800,100,300,"bu","13:00:46",3268100
20800,100,500,"sd","13:00:47",3268600
20800,100,1000,"bu","13:00:49",3269600
20800,100,600,"bu","13:00:52",3270200
20750,50,100,"sd","13:01:02",3270300
20800,100,29600,"sd","13:01:14",3299900
20800,100,500,"bu","13:01:16",3300400
20800,100,1100,"bu","13:01:22",3301500
20800,100,6300,"bu","13:01:30",3307800
20800,100,200,"bu","13:01:31",3308000
20800,100,1100,"bu","13:01:32",3309100
20800,100,500,"sd","13:01:36",3309600
20800,100,1100,"sd","13:01:39",3310700
20750,50,3100,"bu","13:01:54",3313800
20800,100,1100,"bu","13:01:55",3314900
20800,100,12700,"bu","13:02:06",3327600
20800,100,1100,"bu","13:02:13",3328700
20800,100,1000,"bu","13:02:14",3329700
20800,100,1100,"sd","13:02:16",3330800
20800,100,5200,"bu","13:02:49",3336000
20750,50,11000,"bu","13:02:58",3347000
20800,100,1000,"bu","13:03:08",3348000
20750,50,2600,"bu","13:03:11",3350600
20750,50,300,"bu","13:03:21",3350900
20800,100,2000,"bu","13:03:23",3352900
20800,100,100,"bu","13:03:36",3353000
20800,100,500,"sd","13:04:02",3353500
20800,100,1100,"sd","13:04:17",3354600
20800,100,8900,"bu","13:04:18",3363500
20800,100,26500,"bu","13:04:24",3390000
20800,100,12300,"bu","13:04:25",3402300
20800,100,2000,"sd","13:04:37",3404300
20800,100,5000,"bu","13:05:01",3409300
20800,100,4500,"sd","13:05:18",3413800
20800,100,1100,"sd","13:05:25",3414900
20800,100,1100,"bu","13:05:30",3416000
20800,100,2600,"bu","13:05:40",3418600
20800,100,1100,"sd","13:05:43",3419700
20800,100,2100,"bu","13:05:46",3421800
20800,100,1100,"sd","13:05:51",3422900
20800,100,500,"sd","13:05:54",3423400
20800,100,100,"bu","13:05:57",3423500
20800,100,1100,"bu","13:05:59",3424600
20800,100,100,"sd","13:06:00",3424700
20800,100,1100,"bu","13:06:04",3425800
20800,100,4700,"sd","13:06:15",3430500
20800,100,1600,"sd","13:06:19",3432100
20800,100,11700,"bu","13:06:32",3443800
20850,150,1100,"sd","13:06:38",3444900
20850,150,1100,"bu","13:06:41",3446000
20800,100,6500,"bu","13:07:08",3452500
20800,100,1500,"sd","13:07:12",3454000
20800,100,1100,"sd","13:07:14",3455100
20800,100,2400,"sd","13:07:30",3457500
20800,100,19000,"sd","13:07:35",3476500
20800,100,1000,"bu","13:07:41",3477500
20800,100,1500,"bu","13:07:48",3479000
20800,100,2000,"bu","13:08:01",3481000
20800,100,25300,"sd","13:08:03",3506300
20800,100,600,"bu","13:08:59",3506900
20800,100,25000,"bu","13:09:16",3531900
20800,100,3300,"sd","13:09:30",3535200
20800,100,10400,"sd","13:09:33",3545600
20800,100,500,"bu","13:09:38",3546100
20750,50,5000,"sd","13:10:06",3551100
20800,100,1000,"bu","13:10:09",3552100
20850,150,26200,"bu","13:10:18",3578300
20850,150,23500,"bu","13:10:23",3601800
20800,100,1000,"sd","13:10:25",3602800
20850,150,23500,"bu","13:10:30",3626300
20850,150,27000,"bu","13:10:34",3653300
20850,150,13600,"sd","13:10:37",3666900
20850,150,1000,"bu","13:10:58",3667900
20850,150,70000,"bu","13:11:08",3737900
20850,150,13100,"bu","13:11:25",3751000
20850,150,7000,"bu","13:11:28",3758000
20850,150,52000,"bu","13:11:56",3810000
20850,150,500,"bu","13:12:40",3810500
20850,150,2700,"sd","13:13:08",3813200
20850,150,500,"bu","13:13:26",3813700
20850,150,100,"sd","13:13:40",3813800
20850,150,2000,"sd","13:15:12",3815800
20850,150,500,"sd","13:15:19",3816300
20850,150,25000,"sd","13:15:22",3841300
20850,150,500,"bu","13:15:43",3841800
20850,150,5000,"bu","13:15:55",3846800
20850,150,1000,"bu","13:16:13",3847800
20850,150,100,"sd","13:16:21",3847900
20800,100,2000,"bu","13:16:35",3849900
20850,150,500,"bu","13:17:09",3850400
20850,150,2500,"bu","13:17:12",3852900
20850,150,2000,"bu","13:17:28",3854900
20800,100,50000,"sd","13:17:51",3904900
20800,100,10000,"bu","13:17:53",3914900
20850,150,20000,"sd","13:18:06",3934900
20900,200,20000,"sd","13:18:13",3954900
20850,150,2100,"bu","13:18:38",3957000
20850,150,600,"sd","13:18:46",3957600
20900,200,2900,"sd","13:18:55",3960500
20850,150,200,"bu","13:18:57",3960700
20850,150,500,"sd","13:19:33",3961200
20850,150,3900,"bu","13:19:40",3965100
20850,150,3000,"sd","13:19:45",3968100
20850,150,500,"sd","13:19:47",3968600
20850,150,3000,"sd","13:19:50",3971600
20850,150,4400,"sd","13:19:53",3976000
20850,150,4400,"bu","13:19:56",3980400
20850,150,300,"sd","13:19:58",3980700
20850,150,4400,"sd","13:20:04",3985100
20850,150,600,"bu","13:20:09",3985700
20850,150,1000,"bu","13:20:34",3986700
20850,150,1700,"sd","13:20:40",3988400
20850,150,500,"bu","13:20:55",3988900
20800,100,100,"bu","13:21:13",3989000
20800,100,4000,"bu","13:21:30",3993000
20800,100,10000,"sd","13:21:34",4003000
20800,100,900,"sd","13:21:39",4003900
20850,150,2500,"bu","13:21:59",4006400
20800,100,500,"bu","13:22:01",4006900
20850,150,700,"bu","13:22:52",4007600
20850,150,2000,"sd","13:23:31",4009600
20850,150,100,"bu","13:23:41",4009700
20850,150,600,"bu","13:24:40",4010300
20850,150,1700,"sd","13:25:09",4012000
20850,150,100,"sd","13:25:51",4012100
20800,100,5000,"bu","13:26:08",4017100
20800,100,100,"bu","13:26:12",4017200
20850,150,600,"sd","13:26:32",4017800
20800,100,100,"sd","13:26:50",4017900
20800,100,2200,"sd","13:27:54",4020100
20800,100,5000,"sd","13:28:18",4025100
20850,150,500,"sd","13:28:25",4025600
20850,150,100,"bu","13:28:48",4025700
20800,100,2400,"sd","13:30:17",4028100
20850,150,500,"bu","13:30:40",4028600
20850,150,100,"sd","13:31:47",4028700
20850,150,500,"bu","13:32:00",4029200
20800,100,30000,"sd","13:32:43",4059200
20800,100,30000,"bu","13:32:55",4089200
20800,100,2300,"bu","13:32:58",4091500
20800,100,22000,"sd","13:33:10",4113500
20800,100,100,"sd","13:33:14",4113600
20800,100,32400,"bu","13:34:02",4146000
20750,50,100,"bu","13:34:16",4146100
20800,100,200,"bu","13:34:20",4146300
20800,100,1000,"bu","13:34:26",4147300
20800,100,200,"bu","13:34:44",4147500
20800,100,26300,"sd","13:35:16",4173800
20800,100,2000,"sd","13:35:18",4175800
20800,100,3100,"bu","13:35:25",4178900
20800,100,500,"sd","13:35:34",4179400
20800,100,100,"bu","13:35:38",4179500
20800,100,15000,"sd","13:35:49",4194500
20800,100,300,"bu","13:35:50",4194800
20800,100,100,"sd","13:35:54",4194900
20800,100,5100,"bu","13:36:05",4200000
20800,100,1600,"bu","13:36:07",4201600
20850,150,100,"bu","13:36:09",4201700
20800,100,4200,"sd","13:36:28",4205900
20800,100,400,"sd","13:36:54",4206300
20850,150,105000,"sd","13:37:20",4311300
20850,150,100,"sd","13:37:32",4311400
20850,150,1000,"sd","13:37:39",4312400
20850,150,100,"sd","13:37:43",4312500
20850,150,500,"bu","13:37:47",4313000
20800,100,100,"sd","13:37:51",4313100
20800,100,1000,"sd","13:38:17",4314100
20800,100,2300,"sd","13:38:21",4316400
20850,150,500,"sd","13:39:30",4316900
20800,100,1000,"sd","13:39:44",4317900
20850,150,100,"bu","13:39:48",4318000
20900,200,20000,"bu","13:40:17",4338000
20900,200,20000,"bu","13:40:22",4358000
20900,200,48000,"sd","13:40:29",4406000
20900,200,100,"sd","13:40:41",4406100
20900,200,96600,"sd","13:40:43",4502700
20900,200,300,"sd","13:40:46",4503000
20900,200,48000,"sd","13:41:02",4551000
20900,200,3000,"bu","13:41:10",4554000
20900,200,19700,"sd","13:41:20",4573700
20900,200,500,"bu","13:41:24",4574200
20850,150,4000,"bu","13:42:03",4578200
20850,150,4400,"sd","13:42:23",4582600
20850,150,100,"sd","13:42:55",4582700
20850,150,2500,"sd","13:43:03",4585200
20850,150,8400,"sd","13:43:07",4593600
20900,200,500,"bu","13:43:19",4594100
20850,150,2100,"sd","13:43:28",4596200
20900,200,400,"bu","13:43:30",4596600
20900,200,100,"bu","13:43:39",4596700
20900,200,16000,"sd","13:44:02",4612700
20850,150,8000,"sd","13:44:11",4620700
20850,150,500,"sd","13:44:46",4621200
20850,150,50000,"sd","13:44:50",4671200
20900,200,96600,"sd","13:44:58",4767800
20900,200,100,"bu","13:45:06",4767900
20850,150,2000,"bu","13:45:08",4769900
20850,150,4000,"bu","13:45:12",4773900
20900,200,1000,"bu","13:45:14",4774900
20850,150,700,"bu","13:45:27",4775600
20850,150,3800,"bu","13:45:31",4779400
20850,150,5900,"bu","13:45:41",4785300
20900,200,55100,"bu","13:45:53",4840400
20900,200,10000,"sd","13:46:01",4850400
20900,200,20000,"sd","13:46:11",4870400
20900,200,1000,"bu","13:46:13",4871400
20900,200,200,"bu","13:46:35",4871600
20900,200,100,"sd","13:46:43",4871700
20900,200,3000,"bu","13:46:51",4874700
20900,200,500,"sd","13:47:00",4875200
20900,200,6000,"sd","13:47:06",4881200
20900,200,2400,"sd","13:47:08",4883600
20900,200,2800,"sd","13:47:10",4886400
20900,200,2200,"sd","13:47:14",4888600
20850,150,6900,"sd","13:47:15",4895500
20850,150,4400,"bu","13:47:24",4899900
20900,200,5200,"sd","13:47:39",4905100
20900,200,4600,"bu","13:47:45",4909700
20900,200,600,"sd","13:47:49",4910300
20900,200,100,"sd","13:48:05",4910400
20900,200,2900,"bu","13:48:07",4913300
20900,200,13600,"bu","13:48:19",4926900
20850,150,100000,"bu","13:48:33",5026900
20850,150,7300,"sd","13:48:34",5034200
20850,150,3500,"sd","13:48:39",5037700
20850,150,8500,"sd","13:48:43",5046200
20900,200,900,"sd","13:48:49",5047100
20900,200,500,"sd","13:48:53",5047600
20850,150,5000,"sd","13:49:10",5052600
20850,150,500,"bu","13:49:26",5053100
20850,150,1000,"sd","13:50:03",5054100
20900,200,700,"sd","13:50:45",5054800
20900,200,200,"bu","13:50:57",5055000
20900,200,96600,"sd","13:50:59",5151600
20900,200,46000,"bu","13:51:15",5197600
20900,200,20000,"bu","13:51:22",5217600
20900,200,3200,"sd","13:51:26",5220800
20900,200,200,"sd","13:51:38",5221000
20900,200,1900,"sd","13:52:41",5222900
20900,200,11300,"bu","13:52:59",5234200
20900,200,300,"sd","13:54:15",5234500
20900,200,300,"bu","13:54:24",5234800
20950,250,500,"bu","13:54:30",5235300
20900,200,5000,"bu","13:54:40",5240300
20900,200,1000,"bu","13:54:42",5241300
20950,250,1200,"bu","13:55:16",5242500
20900,200,3000,"bu","13:55:21",5245500
20900,200,12000,"bu","13:55:57",5257500
20900,200,100,"bu","13:56:10",5257600
20950,250,13800,"sd","13:56:19",5271400
20900,200,1000,"bu","13:56:32",5272400
20950,250,500,"sd","13:56:34",5272900
20900,200,1000,"sd","13:56:40",5273900
20950,250,17200,"bu","13:57:06",5291100
20950,250,200,"sd","13:57:24",5291300
20950,250,1000,"sd","13:57:35",5292300
20950,250,300,"sd","13:57:46",5292600
20950,250,2400,"bu","13:58:08",5295000
20950,250,1000,"bu","13:58:16",5296000
20950,250,6900,"sd","13:58:42",5302900
20900,200,10000,"sd","13:59:02",5312900
20900,200,10200,"sd","13:59:06",5323100
20950,250,200,"bu","13:59:32",5323300
20900,200,500,"bu","13:59:48",5323800
20950,250,1700,"bu","13:59:53",5325500
20950,250,700,"sd","14:00:04",5326200
20950,250,5200,"sd","14:00:37",5331400
20950,250,500,"sd","14:00:43",5331900
20950,250,45200,"sd","14:00:46",5377100
20950,250,28200,"bu","14:00:51",5405300
20950,250,9200,"bu","14:00:53",5414500
20950,250,10000,"sd","14:01:00",5424500
20950,250,1300,"sd","14:01:02",5425800
20950,250,38400,"sd","14:01:04",5464200
20950,250,400,"bu","14:01:07",5464600
20950,250,100,"bu","14:01:14",5464700
20950,250,1400,"bu","14:01:18",5466100
20950,250,1300,"sd","14:01:27",5467400
20950,250,1200,"sd","14:01:31",5468600
20950,250,100,"bu","14:01:35",5468700
21000,300,300,"bu","14:01:42",5469000
20950,250,100,"sd","14:01:50",5469100
20950,250,4400,"sd","14:01:54",5473500
20950,250,2000,"bu","14:02:09",5475500
20950,250,4400,"sd","14:02:13",5479900
20950,250,6900,"sd","14:02:18",5486800
20950,250,4400,"bu","14:02:25",5491200
20950,250,5300,"sd","14:03:05",5496500
20950,250,100,"sd","14:03:09",5496600
20950,250,2000,"sd","14:03:13",5498600
20950,250,200,"bu","14:03:17",5498800
20950,250,100,"bu","14:03:31",5498900
20950,250,42000,"sd","14:03:38",5540900
20950,250,200,"bu","14:03:50",5541100
20950,250,16500,"bu","14:03:58",5557600
20950,250,500,"bu","14:04:02",5558100
20950,250,100,"bu","14:04:09",5558200
20950,250,5700,"bu","14:04:11",5563900
20950,250,1500,"bu","14:04:27",5565400
20950,250,400,"bu","14:04:32",5565800
20950,250,1000,"sd","14:04:34",5566800
20950,250,1500,"bu","14:05:00",5568300
20950,250,2000,"sd","14:05:42",5570300
20950,250,500,"bu","14:05:46",5570800
20950,250,200,"bu","14:05:57",5571000
20900,200,500,"bu","14:06:16",5571500
20900,200,2000,"sd","14:07:01",5573500
20900,200,20000,"bu","14:07:06",5593500
20900,200,100,"bu","14:07:13",5593600
20900,200,1000,"bu","14:07:30",5594600
20900,200,100,"bu","14:07:42",5594700
20950,250,500,"bu","14:08:05",5595200
20950,250,200,"sd","14:08:06",5595400
20900,200,2100,"sd","14:08:13",5597500
20900,200,1000,"sd","14:08:33",5598500
20900,200,100,"bu","14:09:19",5598600
20950,250,500,"sd","14:09:32",5599100
20950,250,100,"bu","14:09:47",5599200
20950,250,5000,"bu","14:09:56",5604200
20950,250,500,"bu","14:10:11",5604700
20950,250,200,"sd","14:10:16",5604900
20950,250,1000,"bu","14:10:18",5605900
20950,250,2100,"bu","14:10:22",5608000
20950,250,500,"bu","14:11:25",5608500
20900,200,2000,"sd","14:11:57",5610500
20950,250,1000,"sd","14:12:22",5611500
20950,250,200,"sd","14:12:26",5611700
20950,250,500,"bu","14:13:24",5612200
20950,250,100,"bu","14:13:45",5612300
20900,200,11000,"bu","14:14:31",5623300
20900,200,99100,"bu","14:14:37",5722400
20950,250,2100,"sd","14:14:39",5724500
20900,200,10900,"sd","14:15:03",5735400
20950,250,1100,"bu","14:15:36",5736500
20900,200,2000,"bu","14:15:39",5738500
20900,200,500,"sd","14:15:55",5739000
20900,200,100,"sd","14:15:57",5739100
20900,200,1000,"sd","14:16:07",5740100
20900,200,100,"bu","14:16:24",5740200
20900,200,200,"bu","14:16:28",5740400
20900,200,5500,"bu","14:16:33",5745900
20900,200,8900,"bu","14:16:38",5754800
20950,250,200,"sd","14:16:43",5755000
20900,200,4100,"bu","14:16:49",5759100
20900,200,1500,"sd","14:16:59",5760600
20900,200,100,"bu","14:17:02",5760700
20900,200,7000,"sd","14:17:10",5767700
20900,200,600,"sd","14:17:15",5768300
20900,200,5000,"bu","14:17:17",5773300
20900,200,1700,"bu","14:17:22",5775000
20900,200,100,"bu","14:17:31",5775100
20900,200,4800,"sd","14:17:46",5779900
20900,200,400,"sd","14:17:54",5780300
20900,200,5000,"sd","14:18:02",5785300
20850,150,20000,"bu","14:18:36",5805300
20900,200,200,"bu","14:18:52",5805500
20850,150,100,"sd","14:19:13",5805600
20850,150,1000,"sd","14:19:19",5806600
20850,150,100,"bu","14:20:24",5806700
20900,200,27000,"bu","14:20:30",5833700
20900,200,200,"bu","14:21:01",5833900
20850,150,500,"sd","14:21:24",5834400
20850,150,1000,"bu","14:21:52",5835400
20850,150,100,"sd","14:22:04",5835500
20900,200,2000,"sd","14:22:13",5837500
20850,150,10000,"bu","14:22:41",5847500
20850,150,1000,"bu","14:23:00",5848500
20900,200,500,"bu","14:23:02",5849000
20900,200,200,"bu","14:23:09",5849200
20900,200,2500,"bu","14:23:34",5851700
20850,150,100,"bu","14:23:39",5851800
20900,200,1800,"bu","14:23:54",5853600
20900,200,32500,"bu","14:24:09",5886100
20900,200,7500,"bu","14:24:12",5893600
20900,200,10000,"bu","14:24:17",5903600
20850,150,1500,"bu","14:24:37",5905100
20900,200,700,"sd","14:24:53",5905800
20900,200,2500,"sd","14:25:04",5908300
20900,200,12000,"sd","14:25:09",5920300
20900,200,500,"bu","14:25:17",5920800
20900,200,1600,"sd","14:25:36",5922400
20900,200,3000,"sd","14:25:40",5925400
20950,250,1100,"sd","14:25:58",5926500
20950,250,2100,"sd","14:26:08",5928600
20950,250,1100,"bu","14:26:10",5929700
20950,250,100,"bu","14:26:24",5929800
20950,250,2900,"bu","14:27:22",5932700
20950,250,200,"sd","14:27:27",5932900
20900,200,1000,"sd","14:27:41",5933900
20900,200,1000,"bu","14:27:50",5934900
20900,200,300,"bu","14:28:06",5935200
20900,200,1000,"sd","14:28:11",5936200
20900,200,100,"sd","14:28:28",5936300
20900,200,600,"bu","14:28:46",5936900
20950,250,4200,"sd","14:29:03",5941100
20950,250,200,"sd","14:29:11",5941300
20900,200,100,"bu","14:29:27",5941400
20900,200,2000,"sd","14:29:29",5943400
20950,250,200,"bu","14:29:35",5943600
20950,250,50000,"sd","14:29:43",5993600
20950,250,50000,"bu","14:29:59",6043600
20950,250,3000,"bu","14:30:01",6046600
20900,200,113500,"bu","14:45:11",6160100
