"price","change","match_qtty","side","time","total_vol"
19300,100,66900,"bu","09:15:03",66900
19300,100,1000,"bu","09:15:10",67900
19350,150,30000,"bu","09:15:29",97900
19300,100,20000,"bu","09:15:31",117900
19350,150,5000,"sd","09:15:33",122900
19300,100,100,"sd","09:15:34",123000
19350,150,1500,"sd","09:15:39",124500
19350,150,600,"sd","09:15:49",125100
19350,150,17400,"sd","09:15:58",142500
19350,150,6600,"bu","09:15:58",149100
19350,150,500,"bu","09:16:13",149600
19350,150,300,"sd","09:16:14",149900
19300,100,20000,"sd","09:16:25",169900
19350,150,500,"bu","09:16:26",170400
19350,150,3000,"sd","09:16:38",173400
19350,150,200,"sd","09:16:47",173600
19350,150,100,"bu","09:16:49",173700
19300,100,500,"bu","09:16:54",174200
19350,150,1000,"bu","09:16:56",175200
19350,150,1500,"bu","09:17:04",176700
19350,150,100,"sd","09:17:06",176800
19350,150,2000,"bu","09:17:15",178800
19350,150,1000,"bu","09:17:16",179800
19300,100,2600,"bu","09:17:17",182400
19300,100,100,"sd","09:17:24",182500
19350,150,500,"bu","09:17:29",183000
19350,150,7100,"sd","09:17:41",190100
19350,150,500,"sd","09:17:49",190600
19350,150,3000,"sd","09:17:55",193600
19300,100,2600,"bu","09:17:59",196200
19350,150,400,"sd","09:18:05",196600
19350,150,2000,"bu","09:18:21",198600
19350,150,10000,"sd","09:18:25",208600
19350,150,5000,"bu","09:18:28",213600
19350,150,100,"sd","09:18:33",213700
19350,150,2500,"bu","09:18:34",216200
19300,100,7800,"bu","09:18:43",224000
19350,150,23300,"bu","09:18:55",247300
19350,150,100,"sd","09:19:09",247400
19350,150,2900,"bu","09:19:25",250300
19350,150,4200,"sd","09:19:34",254500
19350,150,5100,"bu","09:19:35",259600
19350,150,2000,"bu","09:19:50",261600
19400,200,6800,"sd","09:19:51",268400
19350,150,5000,"bu","09:19:57",273400
19350,150,2800,"bu","09:20:14",276200
19350,150,300,"sd","09:20:21",276500
19400,200,20000,"bu","09:20:23",296500
19400,200,500,"sd","09:20:47",297000
19350,150,2800,"sd","09:20:56",299800
19400,200,100,"sd","09:20:56",299900
19400,200,600,"bu","09:21:10",300500
19400,200,1000,"bu","09:21:13",301500
19400,200,2000,"sd","09:21:21",303500
19400,200,2300,"bu","09:21:36",305800
19350,150,2800,"bu","09:21:39",308600
19350,150,300,"sd","09:21:42",308900
19400,200,1000,"bu","09:22:03",309900
19400,200,3000,"bu","09:22:05",312900
19350,150,2100,"bu","09:22:09",315000
19400,200,1500,"bu","09:22:16",316500
19350,150,2600,"bu","09:22:22",319100
19350,150,2000,"sd","09:22:29",321100
19350,150,100,"sd","09:22:48",321200
19400,200,5000,"sd","09:22:49",326200
19400,200,500,"bu","09:22:52",326700
19350,150,10000,"sd","09:22:59",336700
19350,150,5000,"bu","09:23:00",341700
19350,150,2700,"sd","09:23:04",344400
19350,150,500,"sd","09:23:15",344900
19350,150,46200,"sd","09:23:28",391100
19350,150,44700,"bu","09:23:35",435800
19350,150,600,"sd","09:23:41",436400
19350,150,200,"bu","09:23:43",436600
19300,100,2700,"sd","09:23:47",439300
19350,150,100,"bu","09:23:48",439400
19350,150,500,"bu","09:23:52",439900
19350,150,800,"bu","09:24:19",440700
19300,100,2600,"sd","09:24:30",443300
19350,150,100,"bu","09:24:31",443400
19350,150,3700,"bu","09:24:47",447100
19350,150,1000,"bu","09:25:07",448100
19300,100,3000,"sd","09:25:17",451100
19350,150,200,"bu","09:25:18",451300
19350,150,3700,"bu","09:25:21",455000
19350,150,3700,"bu","09:25:27",458700
19350,150,3700,"sd","09:25:32",462400
19350,150,23700,"bu","09:25:33",486100
19350,150,10000,"sd","09:25:34",496100
19350,150,800,"sd","09:25:37",496900
19350,150,2000,"sd","09:25:58",498900
19350,150,1000,"sd","09:26:00",499900
19350,150,1000,"bu","09:26:21",500900
19350,150,400,"sd","09:26:26",501300
19350,150,500,"sd","09:26:29",501800
19350,150,1000,"bu","09:26:31",502800
19350,150,5700,"sd","09:26:31",508500
19350,150,5000,"bu","09:26:32",513500
19350,150,5000,"bu","09:26:33",518500
19350,150,200,"bu","09:26:37",518700
19350,150,2900,"sd","09:26:45",521600
19350,150,1000,"sd","09:26:48",522600
19350,150,5000,"bu","09:26:53",527600
19350,150,400,"bu","09:26:57",528000
19350,150,500,"sd","09:27:01",528500
19350,150,1200,"sd","09:27:21",529700
19350,150,2700,"bu","09:27:30",532400
19350,150,200,"bu","09:27:33",532600
19350,150,400,"sd","09:27:39",533000
19350,150,3400,"bu","09:27:56",536400
19350,150,100,"sd","09:27:58",536500
19350,150,1000,"bu","09:28:06",537500
19350,150,1600,"sd","09:28:12",539100
19350,150,2800,"bu","09:28:13",541900
19350,150,1000,"bu","09:28:18",542900
19350,150,600,"bu","09:28:21",543500
19350,150,300,"bu","09:28:26",543800
19350,150,100,"sd","09:28:34",543900
19350,150,3000,"bu","09:28:39",546900
19350,150,100,"sd","09:28:44",547000
19350,150,200,"sd","09:28:48",547200
19350,150,2900,"sd","09:28:55",550100
19350,150,100,"bu","09:29:13",550200
19350,150,1000,"bu","09:29:16",551200
19350,150,100,"sd","09:29:18",551300
19350,150,29200,"bu","09:29:35",580500
19300,100,2800,"sd","09:29:39",583300
19350,150,100,"bu","09:30:01",583400
19300,100,900,"bu","09:30:13",584300
19350,150,100,"bu","09:30:21",584400
19300,100,2800,"sd","09:30:26",587200
19350,150,300,"sd","09:30:26",587500
19350,150,3700,"sd","09:30:31",591200
19350,150,8000,"sd","09:30:49",599200
19300,100,600,"sd","09:30:56",599800
19300,100,20000,"bu","09:31:04",619800
19300,100,2700,"sd","09:31:08",622500
19300,100,200,"bu","09:31:38",622700
19300,100,2700,"sd","09:31:50",625400
19300,100,50000,"bu","09:32:17",675400
19300,100,20000,"bu","09:32:20",695400
19300,100,2000,"sd","09:32:24",697400
19300,100,2600,"bu","09:32:33",700000
19300,100,32000,"bu","09:32:40",732000
19300,100,1000,"bu","09:32:42",733000
19300,100,25000,"sd","09:32:46",758000
19300,100,18200,"sd","09:32:51",776200
19250,50,2700,"bu","09:33:15",778900
19300,100,1000,"bu","09:33:18",779900
19300,100,3700,"bu","09:33:22",783600
19300,100,200,"sd","09:33:37",783800
19300,100,100,"bu","09:33:39",783900
19300,100,300,"sd","09:33:52",784200
19250,50,4500,"bu","09:33:54",788700
19300,100,200,"sd","09:33:58",788900
19250,50,2800,"sd","09:33:59",791700
19300,100,3700,"sd","09:34:08",795400
19300,100,100,"sd","09:34:10",795500
19300,100,5200,"bu","09:34:23",800700
19300,100,1400,"sd","09:34:38",802100
19250,50,2600,"sd","09:34:40",804700
19250,50,500,"sd","09:34:50",805200
19300,100,10000,"bu","09:35:02",815200
19250,50,2800,"sd","09:35:24",818000
19300,100,500,"bu","09:35:27",818500
19300,100,20000,"bu","09:35:51",838500
19300,100,100,"bu","09:35:55",838600
19250,50,2700,"bu","09:36:07",841300
19300,100,200,"bu","09:36:21",841500
19300,100,3700,"sd","09:36:26",845200
19300,100,14000,"sd","09:36:27",859200
19250,50,2700,"bu","09:36:51",861900
19300,100,7500,"sd","09:36:55",869400
19300,100,17600,"sd","09:37:31",887000
19250,50,2600,"bu","09:37:32",889600
19250,50,200,"sd","09:38:14",889800
19250,50,2700,"bu","09:38:15",892500
19300,100,100,"sd","09:38:29",892600
19300,100,2100,"sd","09:38:44",894700
19250,50,300,"sd","09:38:49",895000
19250,50,2900,"bu","09:39:01",897900
19300,100,100,"bu","09:39:08",898000
19250,50,1000,"sd","09:39:13",899000
19300,100,800,"bu","09:39:28",899800
19300,100,100,"sd","09:39:29",899900
19250,50,2700,"bu","09:39:43",902600
19300,100,4400,"sd","09:39:45",907000
19300,100,500,"sd","09:39:56",907500
19250,50,400,"bu","09:39:57",907900
19300,100,9900,"sd","09:39:58",917800
19300,100,600,"bu","09:40:22",918500
19300,100,200,"sd","09:40:28",918700
19250,50,2900,"bu","09:40:30",921600
19300,100,100,"bu","09:40:54",921700
19300,100,6000,"sd","09:41:00",927700
19300,100,500,"sd","09:41:06",928200
19250,50,2700,"sd","09:41:14",930900
19250,50,100,"bu","09:41:21",931000
19300,100,6100,"sd","09:41:45",937100
19250,50,2900,"sd","09:41:59",940000
19300,100,500,"sd","09:42:42",940500
19250,50,2800,"sd","09:42:43",943300
19300,100,4900,"sd","09:43:11",948200
19300,100,500,"bu","09:43:23",948700
19250,50,2600,"sd","09:43:25",951300
19300,100,1000,"sd","09:43:34",952300
19250,50,2800,"sd","09:44:09",955100
19300,100,17000,"sd","09:44:15",972100
19250,50,50000,"bu","09:44:16",1022100
19250,50,500,"sd","09:44:33",1022600
19300,100,7900,"sd","09:44:34",1030500
19300,100,2500,"bu","09:44:44",1033000
19250,50,2700,"sd","09:44:55",1035700
19300,100,100,"bu","09:45:06",1035800
19250,50,5000,"sd","09:45:19",1040800
19250,50,100,"sd","09:45:32",1040900
19250,50,400,"sd","09:45:34",1041300
19250,50,2700,"bu","09:45:36",1044000
19300,100,300,"sd","09:46:11",1044300
19250,50,2800,"bu","09:46:20",1047100
19250,50,24700,"bu","09:46:47",1071800
19250,50,86000,"sd","09:46:48",1157800
19250,50,1000,"sd","09:46:49",1158800
19250,50,7900,"bu","09:46:58",1166700
19200,0,2700,"sd","09:47:03",1169400
19250,50,200,"sd","09:47:07",1169600
19200,0,2900,"bu","09:47:49",1172500
19250,50,1000,"sd","09:48:16",1173500
19200,0,100,"bu","09:48:19",1173600
19200,0,10600,"bu","09:48:32",1184200
19250,50,200,"bu","09:48:58",1184400
19250,50,1500,"bu","09:49:02",1185900
19200,0,2800,"bu","09:49:16",1188700
19250,50,2200,"bu","09:49:18",1190900
19250,50,100,"sd","09:49:25",1191000
19250,50,7900,"sd","09:49:34",1198900
19250,50,100,"bu","09:49:37",1199000
19250,50,200,"sd","09:49:40",1199200
19250,50,1200,"bu","09:49:42",1200400
19250,50,200,"sd","09:49:45",1200600
19200,0,100,"bu","09:49:47",1200700
19250,50,800,"sd","09:49:54",1201500
19200,0,500,"sd","09:49:55",1202000
19250,50,800,"bu","09:49:56",1202800
19200,0,2900,"bu","09:50:03",1205700
19250,50,200,"bu","09:50:05",1205900
19250,50,500,"bu","09:50:06",1206400
19250,50,4500,"sd","09:50:16",1210900
19250,50,5500,"bu","09:50:19",1216400
19250,50,2000,"bu","09:50:22",1218400
19250,50,1700,"bu","09:50:24",1220100
19250,50,100,"bu","09:50:26",1220200
19250,50,1400,"sd","09:50:32",1221600
19250,50,7900,"bu","09:50:34",1229500
19200,0,100,"sd","09:50:37",1229600
19250,50,9900,"sd","09:50:39",1239500
19250,50,100,"bu","09:50:46",1239600
19250,50,2900,"bu","09:50:47",1242500
19300,100,7900,"sd","09:51:10",1250400
19300,100,2000,"bu","09:51:23",1252400
19250,50,2700,"sd","09:51:30",1255100
19300,100,7900,"bu","09:51:33",1263000
19300,100,1200,"bu","09:51:38",1264200
19250,50,2900,"sd","09:52:17",1267100
19250,50,1000,"sd","09:52:18",1268100
19250,50,10000,"bu","09:52:26",1278100
19300,100,7900,"bu","09:52:31",1286000
19250,50,1000,"sd","09:52:36",1287000
19300,100,5300,"bu","09:52:57",1292300
19250,50,2700,"sd","09:53:00",1295000
19250,50,2900,"sd","09:53:46",1297900
19300,100,1000,"sd","09:53:56",1298900
19300,100,100,"bu","09:54:16",1299000
19300,100,1000,"bu","09:54:28",1300000
19250,50,2800,"sd","09:54:31",1302800
19250,50,1000,"sd","09:54:34",1303800
19250,50,2700,"sd","09:55:13",1306500
19300,100,10000,"sd","09:55:43",1316500
19300,100,100,"bu","09:55:48",1316600
19300,100,500,"sd","09:55:52",1317100
19300,100,4000,"sd","09:55:53",1321100
19250,50,12800,"sd","09:55:58",1333900
19300,100,2500,"bu","09:56:03",1336400
19300,100,68900,"bu","09:56:09",1405300
19350,150,7900,"bu","09:56:12",1413200
19300,100,500,"bu","09:56:21",1413700
19300,100,200,"sd","09:56:39",1413900
19300,100,4400,"sd","09:57:08",1418300
19300,100,2000,"sd","09:57:08",1420300
19300,100,10600,"sd","09:57:17",1430900
19300,100,2600,"sd","09:57:25",1433500
19300,100,1000,"bu","09:57:31",1434500
19300,100,3700,"sd","09:58:09",1438200
19300,100,1000,"sd","09:58:21",1439200
19300,100,2900,"bu","09:58:53",1442100
19300,100,1000,"sd","09:58:55",1443100
19300,100,300,"sd","09:59:28",1443400
19300,100,2900,"bu","09:59:38",1446300
19300,100,100,"sd","09:59:52",1446400
19300,100,800,"sd","10:00:03",1447200
19300,100,5100,"bu","10:00:07",1452300
19300,100,2800,"bu","10:00:23",1455100
19350,150,1000,"sd","10:00:43",1456100
19350,150,2400,"sd","10:00:52",1458500
19350,150,200,"bu","10:01:10",1458700
19300,100,3200,"bu","10:01:13",1461900
19350,150,200,"bu","10:01:37",1462100
19300,100,3100,"sd","10:02:02",1465200
19300,100,2700,"bu","10:02:46",1467900
19300,100,1000,"bu","10:02:51",1468900
19300,100,16400,"bu","10:03:02",1485300
19350,150,300,"bu","10:03:07",1485600
19300,100,2900,"sd","10:03:31",1488500
19300,100,400,"bu","10:03:47",1488900
19300,100,100,"bu","10:04:14",1489000
19300,100,3500,"sd","10:04:26",1492500
19300,100,10000,"bu","10:04:43",1502500
19300,100,5000,"bu","10:04:52",1507500
19300,100,100,"bu","10:04:53",1507600
19300,100,3500,"bu","10:04:56",1511100
19300,100,1000,"sd","10:04:57",1512100
19350,150,600,"bu","10:05:03",1512700
19300,100,18500,"sd","10:05:09",1531200
19300,100,3400,"bu","10:05:22",1534600
19300,100,1000,"bu","10:05:36",1535600
19300,100,500,"sd","10:05:53",1536100
19300,100,2900,"bu","10:06:01",1539000
19350,150,500,"sd","10:06:09",1539500
19300,100,2800,"sd","10:06:44",1542300
19300,100,100,"sd","10:06:59",1542400
19300,100,1100,"sd","10:07:14",1543500
19300,100,22700,"sd","10:07:27",1566200
19350,150,300,"bu","10:07:36",1566500
19300,100,500,"bu","10:07:58",1567000
19300,100,1000,"sd","10:08:08",1568000
19300,100,500,"sd","10:08:10",1568500
19300,100,2800,"sd","10:08:12",1571300
19300,100,15000,"bu","10:08:21",1586300
19300,100,100,"bu","10:08:28",1586400
19300,100,1200,"sd","10:08:40",1587600
19300,100,4200,"bu","10:09:16",1591800
19350,150,200,"bu","10:09:28",1592000
19300,100,1000,"bu","10:09:29",1593000
19350,150,300,"sd","10:09:30",1593300
19350,150,5100,"bu","10:09:39",1598400
19300,100,2700,"sd","10:09:40",1601100
19300,100,45000,"bu","10:09:43",1646100
19300,100,9900,"sd","10:09:46",1656000
19300,100,54900,"bu","10:10:02",1710900
19300,100,800,"bu","10:10:19",1711700
19250,50,3400,"bu","10:10:32",1715100
19300,100,200,"sd","10:10:33",1715300
19250,50,3000,"bu","10:10:56",1718300
19300,100,3500,"sd","10:11:50",1721800
19250,50,50000,"bu","10:11:54",1771800
19250,50,2700,"bu","10:12:03",1774500
19300,100,100,"sd","10:12:09",1774600
19300,100,1000,"bu","10:12:34",1775600
19300,100,400,"sd","10:12:38",1776000
19250,50,2700,"bu","10:12:49",1778700
19300,100,300,"bu","10:12:50",1779000
19300,100,100,"sd","10:12:53",1779100
19250,50,2900,"bu","10:13:31",1782000
19250,50,1000,"sd","10:13:42",1783000
19300,100,300,"bu","10:13:56",1783300
19300,100,20000,"bu","10:14:04",1803300
19300,100,1000,"bu","10:14:06",1804300
19300,100,100,"bu","10:14:07",1804400
19250,50,25000,"sd","10:14:09",1829400
19250,50,2700,"bu","10:14:13",1832100
19300,100,91100,"bu","10:14:17",1923200
19300,100,200,"sd","10:14:22",1923400
19300,100,1000,"sd","10:14:36",1924400
19300,100,5000,"bu","10:14:48",1929400
19300,100,500,"sd","10:14:52",1929900
19300,100,300,"bu","10:15:18",1930200
19300,100,2800,"sd","10:15:44",1933000
19300,100,1300,"sd","10:16:09",1934300
19300,100,100,"bu","10:16:18",1934400
19300,100,4100,"sd","10:16:20",1938500
19300,100,4100,"bu","10:16:36",1942600
19300,100,500,"bu","10:16:42",1943100
19300,100,200,"bu","10:16:48",1943300
19300,100,1000,"sd","10:16:53",1944300
19300,100,100,"sd","10:16:55",1944400
19300,100,7500,"sd","10:17:02",1951900
19300,100,7500,"sd","10:17:08",1959400
19300,100,7500,"bu","10:17:15",1966900
19300,100,43400,"sd","10:17:17",2010300
19250,50,1000,"bu","10:17:34",2011300
19300,100,100,"sd","10:17:41",2011400
19300,100,1000,"bu","10:17:47",2012400
19300,100,1600,"bu","10:17:59",2014000
19250,50,2700,"sd","10:18:01",2016700
19250,50,7500,"bu","10:18:03",2024200
19300,100,15400,"bu","10:18:18",2039600
19300,100,1500,"bu","10:18:24",2041100
19300,100,100,"bu","10:18:28",2041200
19300,100,4800,"sd","10:18:30",2046000
19250,50,2900,"bu","10:18:47",2048900
19250,50,200,"bu","10:19:01",2049100
19300,100,100,"sd","10:19:10",2049200
19250,50,3100,"bu","10:19:34",2052300
19250,50,2000,"bu","10:19:39",2054300
19250,50,700,"bu","10:20:11",2055000
19250,50,2700,"bu","10:20:18",2057700
19250,50,10000,"bu","10:20:27",2067700
19250,50,1000,"sd","10:20:51",2068700
19250,50,2700,"bu","10:21:01",2071400
19300,100,7900,"bu","10:21:02",2079300
19300,100,200,"sd","10:21:10",2079500
19300,100,100,"bu","10:21:12",2079600
19250,50,2800,"bu","10:21:44",2082400
19300,100,300,"bu","10:22:07",2082700
19300,100,7900,"sd","10:22:15",2090600
19300,100,500,"sd","10:22:22",2091100
19300,100,10500,"bu","10:22:23",2101600
19300,100,1000,"sd","10:22:27",2102600
19300,100,1400,"bu","10:22:32",2104000
19300,100,5500,"sd","10:22:35",2109500
19300,100,100,"bu","10:22:41",2109600
19300,100,400,"bu","10:22:58",2110000
19300,100,8000,"sd","10:23:06",2118000
19300,100,7900,"sd","10:23:13",2125900
19300,100,1000,"bu","10:23:14",2126900
19300,100,400,"bu","10:23:19",2127300
19350,150,4000,"sd","10:23:47",2131300
19300,100,500,"sd","10:23:52",2131800
19300,100,2600,"bu","10:23:54",2134400
19300,100,200,"bu","10:24:07",2134600
19300,100,2700,"bu","10:24:38",2137300
19300,100,300,"sd","10:24:44",2137600
19300,100,100,"bu","10:24:55",2137700
19350,150,2000,"sd","10:25:01",2139700
19300,100,200,"bu","10:25:19",2139900
19300,100,2700,"bu","10:25:20",2142600
19350,150,15000,"sd","10:25:21",2157600
19300,100,900,"sd","10:25:33",2158500
19300,100,3100,"sd","10:26:10",2161600
19300,100,7500,"bu","10:26:27",2169100
19300,100,7500,"sd","10:26:39",2176600
19300,100,2700,"sd","10:26:52",2179300
19300,100,7500,"bu","10:26:57",2186800
19350,150,300,"sd","10:27:05",2187100
19300,100,2000,"bu","10:27:33",2189100
19300,100,2700,"bu","10:27:36",2191800
19350,150,200,"sd","10:27:43",2192000
19350,150,400,"bu","10:28:15",2192400
19300,100,3000,"bu","10:28:24",2195400
19300,100,7500,"bu","10:28:42",2202900
19300,100,20000,"sd","10:28:47",2222900
19300,100,3300,"sd","10:29:06",2226200
19300,100,100,"bu","10:29:21",2226300
19300,100,7500,"bu","10:29:25",2233800
19300,100,3000,"sd","10:29:53",2236800
19300,100,2800,"bu","10:30:37",2239600
19300,100,800,"sd","10:30:48",2240400
19300,100,300,"bu","10:31:00",2240700
19300,100,200,"bu","10:31:02",2240900
19300,100,300,"sd","10:31:17",2241200
19300,100,7800,"sd","10:31:25",2249000
19300,100,500,"bu","10:31:39",2249500
19300,100,100000,"sd","10:31:44",2349500
19300,100,1000,"sd","10:31:46",2350500
19300,100,200,"sd","10:31:59",2350700
19300,100,300,"bu","10:32:03",2351000
19300,100,2800,"sd","10:32:08",2353800
19300,100,11100,"bu","10:32:11",2364900
19300,100,2500,"sd","10:32:17",2367400
19300,100,32600,"bu","10:32:39",2400000
19300,100,2500,"bu","10:32:42",2402500
19300,100,500,"sd","10:32:46",2403000
19300,100,2700,"sd","10:32:52",2405700
19300,100,200,"bu","10:32:56",2405900
19300,100,100,"bu","10:32:57",2406000
19250,50,3300,"bu","10:33:38",2409300
19300,100,200,"bu","10:33:42",2409500
19300,100,1200,"bu","10:33:46",2410700
19300,100,400,"bu","10:33:50",2411100
19300,100,1900,"bu","10:34:16",2413000
19300,100,3100,"bu","10:34:17",2416100
19250,50,3700,"bu","10:34:21",2419800
19300,100,100,"bu","10:34:30",2419900
19300,100,1000,"sd","10:34:36",2420900
19250,50,2700,"sd","10:35:03",2423600
19250,50,3000,"sd","10:35:48",2426600
19300,100,10000,"bu","10:35:57",2436600
19300,100,2000,"sd","10:36:06",2438600
19250,50,100,"bu","10:36:10",2438700
19250,50,2800,"sd","10:36:31",2441500
19300,100,100,"bu","10:36:46",2441600
19250,50,2600,"sd","10:37:13",2444200
19300,100,100,"sd","10:37:21",2444300
19250,50,2700,"bu","10:37:55",2447000
19300,100,14800,"sd","10:38:42",2461800
19300,100,2300,"bu","10:39:12",2464100
19250,50,25000,"bu","10:39:18",2489100
19250,50,2700,"bu","10:39:22",2491800
19300,100,500,"sd","10:39:41",2492300
19250,50,2700,"sd","10:40:04",2495000
19300,100,500,"sd","10:40:22",2495500
19250,50,2300,"bu","10:40:25",2497800
19250,50,2700,"bu","10:40:47",2500500
19250,50,2900,"bu","10:41:29",2503400
19300,100,100,"bu","10:41:37",2503500
19250,50,2700,"bu","10:42:10",2506200
19250,50,3400,"sd","10:42:35",2509600
19250,50,100,"bu","10:42:47",2509700
19300,100,5000,"sd","10:42:50",2514700
19250,50,2700,"bu","10:42:54",2517400
19250,50,17000,"bu","10:43:02",2534400
19300,100,1000,"bu","10:43:21",2535400
19250,50,200,"sd","10:43:33",2535600
19300,100,1000,"bu","10:43:34",2536600
19300,100,3700,"sd","10:43:37",2540300
19250,50,2800,"bu","10:43:38",2543100
19250,50,300,"bu","10:43:54",2543400
19250,50,100,"bu","10:44:08",2543500
19300,100,3000,"bu","10:44:20",2546500
19250,50,2700,"bu","10:44:24",2549200
19250,50,3000,"sd","10:44:42",2552200
19250,50,2800,"sd","10:45:06",2555000
19300,100,100,"sd","10:45:50",2555100
19250,50,2900,"bu","10:45:52",2558000
19250,50,100,"bu","10:45:55",2558100
19250,50,500,"sd","10:46:34",2558600
19250,50,2700,"sd","10:46:35",2561300
19300,100,300,"sd","10:46:46",2561600
19250,50,1200,"sd","10:46:49",2562800
19300,100,5000,"bu","10:47:04",2567800
19250,50,12400,"sd","10:48:18",2580200
19250,50,3000,"sd","10:48:48",2583200
19250,50,100,"bu","10:49:03",2583300
19250,50,103800,"bu","10:49:04",2687100
19250,50,119000,"bu","10:49:05",2806100
19250,50,600,"bu","10:49:12",2806700
19250,50,200,"bu","10:49:17",2806900
19250,50,10000,"sd","10:49:23",2816900
19200,0,7500,"sd","10:49:26",2824400
19200,0,2800,"bu","10:49:33",2827200
19250,50,3000,"sd","10:49:36",2830200
19250,50,400,"sd","10:49:56",2830600
19250,50,5100,"sd","10:50:04",2835700
19200,0,2700,"bu","10:50:16",2838400
19250,50,200,"bu","10:50:21",2838600
19250,50,5000,"sd","10:50:49",2843600
19250,50,100,"sd","10:50:52",2843700
19250,50,1100,"bu","10:50:56",2844800
19200,0,2800,"sd","10:51:00",2847600
19200,0,2700,"sd","10:51:43",2850300
19200,0,200,"sd","10:51:58",2850500
19250,50,10000,"sd","10:52:00",2860500
19250,50,200,"bu","10:52:05",2860700
19250,50,2000,"bu","10:52:08",2862700
19200,0,200,"bu","10:52:14",2862900
19200,0,100,"bu","10:52:24",2863000
19200,0,2600,"sd","10:52:25",2865600
19200,0,7500,"bu","10:52:44",2873100
19250,50,2500,"sd","10:52:51",2875600
19200,0,7500,"sd","10:52:53",2883100
19200,0,1600,"bu","10:53:03",2884700
19200,0,7500,"bu","10:53:06",2892200
19200,0,2000,"sd","10:53:07",2894200
19200,0,2700,"sd","10:53:08",2896900
19200,0,500,"sd","10:53:13",2897400
19200,0,5000,"bu","10:53:15",2902400
19200,0,2800,"sd","10:53:52",2905200
19250,50,500,"sd","10:53:55",2905700
19200,0,7500,"sd","10:53:56",2913200
19200,0,500,"sd","10:53:59",2913700
19200,0,3000,"sd","10:54:02",2916700
19200,0,7500,"bu","10:54:06",2924200
19200,0,2200,"sd","10:54:15",2926400
19200,0,7000,"sd","10:54:52",2933400
19200,0,17000,"bu","10:55:08",2950400
19200,0,82000,"bu","10:55:09",3032400
19200,0,10000,"sd","10:55:12",3042400
19200,0,2700,"bu","10:55:22",3045100
19200,0,4500,"bu","10:55:58",3049600
19200,0,700,"bu","10:56:04",3050300
19200,0,2700,"sd","10:56:05",3053000
19200,0,3000,"bu","10:56:11",3056000
19200,0,400,"sd","10:56:49",3056400
19200,0,3000,"sd","10:56:53",3059400
19250,50,300,"bu","10:57:10",3059700
19200,0,42500,"bu","10:57:17",3102200
19200,0,2700,"sd","10:57:36",3104900
19200,0,500,"sd","10:57:47",3105400
19250,50,300,"sd","10:57:54",3105700
19250,50,7500,"sd","10:57:59",3113200
19250,50,100,"sd","10:58:00",3113300
19200,0,300,"sd","10:58:01",3113600
19250,50,100,"bu","10:58:20",3113700
19200,0,3000,"bu","10:58:23",3116700
19250,50,100,"bu","10:59:00",3116800
19200,0,10000,"bu","10:59:03",3126800
19250,50,1000,"bu","10:59:05",3127800
19200,0,2700,"sd","10:59:07",3130500
19200,0,600,"sd","10:59:08",3131100
19200,0,1000,"bu","10:59:44",3132100
19200,0,2700,"sd","10:59:48",3134800
19200,0,5000,"sd","11:00:10",3139800
19250,50,1000,"sd","11:00:14",3140800
19250,50,600,"sd","11:00:28",3141400
19200,0,2900,"sd","11:00:36",3144300
19200,0,500,"bu","11:00:50",3144800
19250,50,2000,"sd","11:01:14",3146800
19200,0,2700,"bu","11:01:18",3149500
19250,50,20000,"sd","11:01:47",3169500
19250,50,10000,"bu","11:01:54",3179500
19250,50,700,"sd","11:01:56",3180200
19250,50,30000,"bu","11:01:58",3210200
19250,50,200,"sd","11:02:01",3210400
19250,50,400,"bu","11:02:06",3210800
19250,50,6300,"bu","11:02:09",3217100
19250,50,500,"bu","11:02:27",3217600
19250,50,500,"bu","11:02:39",3218100
19250,50,10000,"sd","11:02:55",3228100
19250,50,2700,"bu","11:03:28",3230800
19250,50,1000,"bu","11:03:51",3231800
19250,50,2800,"bu","11:04:14",3234600
19250,50,5000,"bu","11:04:47",3239600
19250,50,2900,"sd","11:05:00",3242500
19250,50,500,"sd","11:05:03",3243000
19250,50,7500,"bu","11:05:28",3250500
19250,50,200,"sd","11:05:30",3250700
19250,50,2900,"sd","11:05:46",3253600
19250,50,7500,"sd","11:05:54",3261100
19250,50,15000,"bu","11:06:29",3276100
19250,50,2900,"sd","11:06:30",3279000
19250,50,200,"bu","11:06:44",3279200
19250,50,7500,"bu","11:06:52",3286700
19250,50,500,"sd","11:07:00",3287200
19250,50,7500,"bu","11:07:02",3294700
19250,50,500,"bu","11:07:12",3295200
19250,50,2600,"sd","11:07:13",3297800
19250,50,1000,"sd","11:07:20",3298800
19250,50,3000,"bu","11:07:22",3301800
19250,50,7500,"sd","11:07:43",3309300
19250,50,7500,"bu","11:07:50",3316800
19250,50,2700,"bu","11:07:56",3319500
19250,50,7500,"bu","11:08:10",3327000
19250,50,500,"bu","11:08:18",3327500
19250,50,2800,"sd","11:08:41",3330300
19250,50,500,"sd","11:08:43",3330800
19300,100,100,"bu","11:09:13",3330900
19250,50,2900,"bu","11:09:27",3333800
19250,50,1000,"sd","11:09:54",3334800
19250,50,34400,"sd","11:10:02",3369200
19250,50,2900,"bu","11:10:12",3372100
19250,50,500,"sd","11:10:14",3372600
19250,50,2900,"sd","11:10:27",3375500
19200,0,2700,"sd","11:10:55",3378200
19250,50,10000,"bu","11:11:34",3388200
19200,0,2900,"sd","11:11:37",3391100
19250,50,200,"sd","11:11:42",3391300
19250,50,5000,"bu","11:11:46",3396300
19250,50,20000,"sd","11:11:48",3416300
19250,50,200,"bu","11:12:10",3416500
19200,0,2600,"bu","11:12:20",3419100
19250,50,10000,"bu","11:12:34",3429100
19250,50,1000,"bu","11:12:41",3430100
19250,50,1100,"sd","11:12:44",3431200
19200,0,500,"sd","11:12:52",3431700
19200,0,2800,"bu","11:13:04",3434500
19250,50,200,"bu","11:13:40",3434700
19200,0,2700,"sd","11:13:46",3437400
19250,50,500,"bu","11:14:01",3437900
19250,50,10000,"bu","11:14:08",3447900
19250,50,100,"sd","11:14:10",3448000
19200,0,7300,"bu","11:14:27",3455300
19250,50,100,"bu","11:14:41",3455400
19250,50,2000,"bu","11:14:44",3457400
19250,50,200,"sd","11:14:56",3457600
19250,50,600,"sd","11:15:02",3458200
19200,0,2700,"bu","11:15:11",3460900
19250,50,200,"sd","11:15:13",3461100
19250,50,5400,"sd","11:15:24",3466500
19250,50,2700,"bu","11:15:55",3469200
19250,50,300,"bu","11:16:17",3469500
19250,50,700,"sd","11:16:23",3470200
19250,50,2700,"sd","11:16:37",3472900
19250,50,2500,"sd","11:16:38",3475400
19250,50,5000,"bu","11:16:59",3480400
19250,50,300,"bu","11:17:00",3480700
19250,50,5000,"sd","11:17:03",3485700
19250,50,1800,"bu","11:17:13",3487500
19250,50,5000,"bu","11:17:44",3492500
19250,50,1000,"sd","11:18:09",3493500
19200,0,2800,"bu","11:18:14",3496300
19250,50,5000,"sd","11:18:54",3501300
19200,0,2700,"bu","11:18:57",3504000
19200,0,1000,"sd","11:19:00",3505000
19200,0,3000,"sd","11:19:44",3508000
19250,50,100,"bu","11:19:46",3508100
19200,0,3800,"bu","11:20:45",3511900
19250,50,900,"bu","11:20:51",3512800
19200,0,3300,"bu","11:21:19",3516100
19200,0,200,"sd","11:21:23",3516300
19200,0,2000,"sd","11:21:26",3518300
19250,50,10000,"sd","11:21:55",3528300
19250,50,200,"bu","11:21:56",3528500
19200,0,2600,"sd","11:22:01",3531100
19200,0,200,"bu","11:22:24",3531300
19250,50,2800,"bu","11:22:44",3534100
19250,50,600,"bu","11:23:12",3534700
19200,0,2900,"sd","11:23:31",3537600
19250,50,300,"bu","11:23:44",3537900
19250,50,5000,"sd","11:23:45",3542900
19200,0,2700,"bu","11:24:14",3545600
19200,0,100,"sd","11:24:28",3545700
19200,0,2700,"sd","11:24:57",3548400
19200,0,2800,"sd","11:25:41",3551200
19250,50,3200,"sd","11:26:26",3554400
19250,50,1000,"bu","11:26:43",3555400
19200,0,2700,"sd","11:27:08",3558100
19250,50,12700,"sd","11:27:57",3570800
19200,0,2700,"sd","11:28:35",3573500
19250,50,20000,"bu","11:28:36",3593500
19250,50,2000,"sd","11:28:49",3595500
19250,50,9000,"bu","11:28:52",3604500
19200,0,1900,"sd","11:29:04",3606400
19250,50,1000,"sd","11:29:13",3607400
19250,50,5000,"bu","11:29:27",3612400
19250,50,200,"bu","11:29:37",3612600
19250,50,5000,"bu","11:29:57",3617600
19200,0,400,"bu","13:00:14",3618000
19250,50,6000,"sd","13:00:16",3624000
19200,0,300,"sd","13:00:16",3624300
19250,50,300,"bu","13:00:17",3624600
19250,50,5300,"bu","13:00:22",3629900
19200,0,500,"sd","13:00:24",3630400
19200,0,100,"bu","13:00:27",3630500
19250,50,200,"bu","13:00:29",3630700
19250,50,500,"sd","13:00:30",3631200
19200,0,200,"sd","13:00:31",3631400
19250,50,300,"sd","13:00:33",3631700
19250,50,100,"sd","13:00:41",3631800
19250,50,4000,"bu","13:00:45",3635800
19200,0,600,"sd","13:00:46",3636400
19250,50,1400,"bu","13:00:47",3637800
19200,0,1000,"sd","13:00:49",3638800
19250,50,1200,"sd","13:00:57",3640000
19250,50,200,"sd","13:01:03",3640200
19200,0,200000,"sd","13:01:04",3840200
19200,0,400,"bu","13:01:06",3840600
19250,50,500,"sd","13:01:07",3841100
19250,50,3200,"sd","13:01:08",3844300
19250,50,1200,"sd","13:01:10",3845500
19250,50,5300,"bu","13:01:11",3850800
19200,0,17500,"sd","13:01:16",3868300
19200,0,18000,"bu","13:01:18",3886300
19200,0,10000,"bu","13:01:21",3896300
19200,0,163700,"sd","13:01:22",4060000
19250,50,3700,"bu","13:01:24",4063700
19200,0,4400,"bu","13:01:25",4068100
19250,50,4700,"bu","13:01:26",4072800
19200,0,33700,"sd","13:01:29",4106500
19250,50,3700,"sd","13:01:31",4110200
19200,0,5000,"sd","13:01:34",4115200
19250,50,3700,"bu","13:01:39",4118900
19200,0,8600,"sd","13:01:41",4127500
19200,0,10000,"bu","13:01:43",4137500
19250,50,3700,"sd","13:01:45",4141200
19250,50,3700,"sd","13:01:50",4144900
19250,50,3700,"sd","13:01:54",4148600
19200,0,500,"bu","13:01:55",4149100
19200,0,200,"sd","13:01:57",4149300
19250,50,3700,"sd","13:01:58",4153000
19200,0,4100,"bu","13:02:03",4157100
19250,50,3700,"bu","13:02:04",4160800
19200,0,78600,"bu","13:02:06",4239400
19200,0,64600,"sd","13:02:09",4304000
19150,-50,46600,"sd","13:02:14",4350600
19150,-50,100,"bu","13:02:16",4350700
19200,0,3700,"bu","13:02:19",4354400
19200,0,8400,"bu","13:02:25",4362800
19200,0,3700,"bu","13:02:29",4366500
19200,0,100,"sd","13:02:35",4366600
19150,-50,4000,"sd","13:02:46",4370600
19200,0,10000,"sd","13:02:51",4380600
19200,0,100,"sd","13:03:01",4380700
19150,-50,4100,"bu","13:03:28",4384800
19200,0,2000,"sd","13:03:37",4386800
19200,0,1500,"bu","13:03:39",4388300
19200,0,2500,"sd","13:03:57",4390800
19200,0,4900,"sd","13:04:02",4395700
19200,0,7200,"sd","13:04:03",4402900
19200,0,1200,"sd","13:04:08",4404100
19250,50,15300,"bu","13:04:17",4419400
19250,50,12100,"sd","13:04:18",4431500
19200,0,6500,"bu","13:04:21",4438000
19200,0,200,"bu","13:04:29",4438200
19200,0,2000,"bu","13:04:31",4440200
19200,0,200,"bu","13:04:32",4440400
19200,0,100,"bu","13:04:35",4440500
19200,0,5000,"bu","13:04:40",4445500
19200,0,11300,"sd","13:04:42",4456800
19200,0,300,"sd","13:04:44",4457100
19200,0,5000,"sd","13:04:49",4462100
19200,0,1800,"sd","13:04:53",4463900
19200,0,4200,"sd","13:04:55",4468100
19200,0,20100,"bu","13:05:07",4488200
19200,0,1000,"sd","13:05:23",4489200
19200,0,7300,"bu","13:05:25",4496500
19200,0,600,"sd","13:05:27",4497100
19200,0,300,"bu","13:05:28",4497400
19200,0,3700,"bu","13:05:31",4501100
19200,0,3700,"sd","13:05:36",4504800
19200,0,8000,"bu","13:05:46",4512800
19250,50,3700,"bu","13:05:51",4516500
19200,0,19900,"bu","13:06:20",4536400
19250,50,7900,"bu","13:06:24",4544300
19200,0,80000,"bu","13:07:05",4624300
19250,50,3700,"bu","13:07:10",4628000
19250,50,3700,"sd","13:07:15",4631700
19250,50,3700,"bu","13:07:19",4635400
19250,50,500,"bu","13:07:22",4635900
19250,50,3700,"sd","13:07:30",4639600
19250,50,3700,"sd","13:07:35",4643300
19250,50,5000,"sd","13:08:04",4648300
19200,0,4100,"bu","13:08:34",4652400
19200,0,1000,"sd","13:09:25",4653400
19200,0,4900,"bu","13:09:27",4658300
19200,0,3000,"sd","13:09:57",4661300
19200,0,4100,"bu","13:10:11",4665400
19200,0,1000,"bu","13:10:28",4666400
19200,0,5100,"bu","13:10:54",4671500
19200,0,100,"sd","13:11:04",4671600
19200,0,4600,"sd","13:11:42",4676200
19200,0,11000,"sd","13:12:07",4687200
19250,50,1100,"sd","13:12:13",4688300
19200,0,4000,"bu","13:12:25",4692300
19200,0,2800,"bu","13:12:32",4695100
19200,0,600,"sd","13:12:37",4695700
19200,0,10000,"sd","13:12:46",4705700
19200,0,1000,"sd","13:13:09",4706700
19200,0,4900,"sd","13:13:16",4711600
19200,0,1700,"sd","13:13:20",4713300
19200,0,4000,"bu","13:13:24",4717300
19200,0,100,"bu","13:13:27",4717400
19250,50,5900,"sd","13:13:33",4723300
19200,0,4100,"bu","13:14:01",4727400
19250,50,500,"bu","13:14:13",4727900
19200,0,4100,"bu","13:14:44",4732000
19200,0,7900,"sd","13:15:24",4739900
19200,0,4000,"sd","13:15:26",4743900
19200,0,1000,"sd","13:15:35",4744900
19200,0,200,"sd","13:15:58",4745100
19200,0,4000,"bu","13:16:03",4749100
19200,0,4400,"sd","13:16:13",4753500
19200,0,3000,"sd","13:16:18",4756500
19200,0,3900,"sd","13:16:55",4760400
19250,50,100,"sd","13:17:07",4760500
19250,50,500,"sd","13:17:18",4761000
19200,0,100000,"sd","13:17:32",4861000
19200,0,4400,"sd","13:17:41",4865400
19200,0,500,"sd","13:17:44",4865900
19200,0,20000,"sd","13:17:49",4885900
19200,0,500,"sd","13:17:55",4886400
19250,50,200,"bu","13:17:56",4886600
19200,0,900,"bu","13:18:11",4887500
19200,0,9900,"sd","13:18:23",4897400
19200,0,400,"bu","13:18:27",4897800
19200,0,2200,"sd","13:18:30",4900000
19200,0,300,"sd","13:18:32",4900300
19200,0,200,"bu","13:18:36",4900500
19200,0,5700,"bu","13:18:43",4906200
19200,0,6700,"sd","13:18:55",4912900
19200,0,2000,"bu","13:18:57",4914900
19200,0,4000,"sd","13:19:05",4918900
19200,0,700,"sd","13:19:14",4919600
19200,0,3900,"bu","13:19:16",4923500
19200,0,100,"bu","13:19:26",4923600
19200,0,3000,"sd","13:19:45",4926600
19200,0,4000,"bu","13:19:47",4930600
19200,0,700,"bu","13:19:50",4931300
19200,0,7500,"sd","13:19:53",4938800
19200,0,800,"bu","13:19:55",4939600
19200,0,7500,"bu","13:19:56",4947100
19200,0,7500,"sd","13:20:04",4954600
19200,0,4800,"bu","13:20:13",4959400
19200,0,800,"bu","13:20:15",4960200
19200,0,7000,"sd","13:20:18",4967200
19200,0,3100,"sd","13:20:22",4970300
19200,0,200,"sd","13:20:27",4970500
19200,0,300,"sd","13:20:29",4970800
19200,0,3700,"sd","13:20:32",4974500
19150,-50,4700,"bu","13:20:38",4979200
19200,0,2000,"bu","13:21:00",4981200
19200,0,200,"sd","13:21:03",4981400
19200,0,1000,"sd","13:21:08",4982400
19200,0,200,"bu","13:21:19",4982600
19150,-50,4200,"sd","13:21:23",4986800
19200,0,200,"sd","13:21:30",4987000
19200,0,7000,"bu","13:21:34",4994000
19200,0,1000,"bu","13:21:46",4995000
19200,0,2200,"bu","13:22:01",4997200
19150,-50,4900,"bu","13:22:03",5002100
19200,0,500,"sd","13:22:05",5002600
19200,0,1000,"sd","13:22:23",5003600
19150,-50,100,"bu","13:22:34",5003700
19200,0,10100,"sd","13:22:54",5013800
19150,-50,5000,"sd","13:22:56",5018800
19150,-50,84400,"sd","13:23:45",5103200
19150,-50,100,"bu","13:23:55",5103300
19150,-50,200,"bu","13:23:58",5103500
19200,0,5000,"bu","13:24:13",5108500
19150,-50,4300,"bu","13:24:29",5112800
19150,-50,100,"bu","13:24:59",5112900
19150,-50,4000,"bu","13:25:13",5116900
19150,-50,7500,"bu","13:25:47",5124400
19150,-50,4000,"bu","13:25:54",5128400
19150,-50,7500,"bu","13:25:56",5135900
19200,0,2000,"bu","13:26:01",5137900
19200,0,24000,"bu","13:26:08",5161900
19150,-50,800,"bu","13:26:12",5162700
19150,-50,1000,"bu","13:26:16",5163700
19200,0,2000,"bu","13:26:18",5165700
19200,0,1000,"sd","13:26:23",5166700
19150,-50,1600,"bu","13:26:26",5168300
19150,-50,300,"sd","13:26:32",5168600
19200,0,9100,"sd","13:26:38",5177700
19150,-50,300,"bu","13:26:42",5178000
19200,0,500,"bu","13:26:54",5178500
19200,0,300,"bu","13:27:05",5178800
19150,-50,4400,"sd","13:27:19",5183200
19150,-50,7000,"bu","13:27:50",5190200
19150,-50,4200,"bu","13:28:03",5194400
19200,0,300,"bu","13:28:15",5194700
19200,0,500,"bu","13:28:20",5195200
19200,0,2000,"bu","13:28:31",5197200
19150,-50,3900,"sd","13:28:45",5201100
19200,0,7800,"bu","13:28:46",5208900
19200,0,100,"bu","13:28:50",5209000
19150,-50,15100,"sd","13:29:20",5224100
19200,0,4400,"bu","13:29:21",5228500
19200,0,500,"bu","13:29:26",5229000
19150,-50,4900,"bu","13:29:37",5233900
19200,0,200,"sd","13:29:46",5234100
19200,0,300,"sd","13:29:50",5234400
19200,0,20000,"bu","13:29:59",5254400
19200,0,100,"sd","13:30:09",5254500
19200,0,500,"bu","13:30:10",5255000
19150,-50,4700,"sd","13:30:21",5259700
19200,0,2100,"sd","13:30:27",5261800
19200,0,2000,"bu","13:30:36",5263800
19200,0,500,"bu","13:31:09",5264300
19150,-50,5000,"bu","13:31:15",5269300
19150,-50,1000,"sd","13:31:17",5270300
19150,-50,1700,"sd","13:31:54",5272000
19150,-50,10000,"bu","13:32:05",5282000
19150,-50,105100,"bu","13:32:10",5387100
19150,-50,7000,"sd","13:32:21",5394100
19150,-50,1000,"bu","13:32:27",5395100
19150,-50,5000,"bu","13:32:29",5400100
19150,-50,2000,"bu","13:32:33",5402100
19150,-50,1000,"bu","13:32:41",5403100
19150,-50,300,"bu","13:32:45",5403400
19150,-50,10000,"bu","13:32:51",5413400
19150,-50,4500,"sd","13:32:56",5417900
19150,-50,400,"sd","13:33:02",5418300
19150,-50,100,"bu","13:33:08",5418400
19150,-50,10000,"bu","13:33:16",5428400
19150,-50,200,"bu","13:33:24",5428600
19150,-50,500,"sd","13:33:34",5429100
19150,-50,800,"bu","13:33:37",5429900
19150,-50,4200,"sd","13:33:41",5434100
19150,-50,1500,"sd","13:33:47",5435600
19150,-50,3000,"sd","13:34:04",5438600
19150,-50,1000,"sd","13:34:06",5439600
19150,-50,100,"bu","13:34:18",5439700
19150,-50,1000,"bu","13:34:20",5440700
19200,0,200,"bu","13:34:26",5440900
19150,-50,5100,"sd","13:34:37",5446000
19200,0,1000,"bu","13:34:56",5447000
19200,0,300,"bu","13:35:12",5447300
19150,-50,4500,"sd","13:35:23",5451800
19150,-50,5500,"bu","13:35:39",5457300
19150,-50,2000,"bu","13:35:41",5459300
19200,0,50100,"bu","13:36:00",5509400
19150,-50,1600,"bu","13:36:31",5511000
19150,-50,4400,"sd","13:36:54",5515400
19200,0,26800,"sd","13:37:04",5542200
19150,-50,100,"bu","13:37:06",5542300
19200,0,50600,"bu","13:37:08",5592900
19200,0,3000,"bu","13:37:10",5595900
19200,0,35200,"sd","13:37:16",5631100
19200,0,18700,"bu","13:37:20",5649800
19200,0,1100,"sd","13:37:30",5650900
19250,50,100,"sd","13:37:45",5651000
19200,0,2000,"sd","13:38:07",5653000
19200,0,10000,"bu","13:38:15",5663000
19200,0,4500,"bu","13:38:28",5667500
19200,0,100000,"sd","13:38:36",5767500
19200,0,4000,"sd","13:38:40",5771500
19200,0,100,"sd","13:38:43",5771600
19200,0,12400,"sd","13:38:48",5784000
19200,0,300,"bu","13:38:54",5784300
19200,0,7300,"bu","13:39:14",5791600
19200,0,18000,"bu","13:39:18",5809600
19200,0,30000,"bu","13:39:22",5839600
19200,0,2100,"bu","13:39:26",5841700
19200,0,500,"sd","13:39:28",5842200
19200,0,10000,"bu","13:39:33",5852200
19200,0,500,"bu","13:39:35",5852700
19200,0,100,"bu","13:39:39",5852800
19200,0,2000,"sd","13:39:42",5854800
19200,0,6300,"sd","13:39:56",5861100
19150,-50,4300,"sd","13:39:58",5865400
19200,0,1500,"bu","13:40:01",5866900
19250,50,500,"bu","13:40:11",5867400
19200,0,400,"bu","13:40:22",5867800
19200,0,300,"sd","13:40:38",5868100
19200,0,4000,"sd","13:40:41",5872100
19200,0,1000,"bu","13:40:43",5873100
19200,0,2000,"bu","13:40:50",5875100
19200,0,11700,"sd","13:41:24",5886800
19200,0,1000,"bu","13:41:29",5887800
19200,0,10000,"sd","13:41:39",5897800
19200,0,100,"bu","13:41:43",5897900
19200,0,7500,"bu","13:41:52",5905400
19200,0,5000,"bu","13:41:57",5910400
19200,0,4800,"bu","13:42:15",5915200
19200,0,100,"sd","13:42:17",5915300
19200,0,3500,"bu","13:42:21",5918800
19200,0,7500,"bu","13:42:23",5926300
19200,0,1000,"sd","13:42:47",5927300
19200,0,32800,"bu","13:42:55",5960100
19200,0,100,"sd","13:42:57",5960200
19200,0,800,"sd","13:43:01",5961000
19150,-50,4500,"bu","13:43:03",5965500
19200,0,1000,"sd","13:43:04",5966500
19200,0,13000,"bu","13:43:11",5979500
19200,0,200,"bu","13:43:15",5979700
19200,0,3100,"bu","13:43:19",5982800
19200,0,12100,"bu","13:43:30",5994900
19200,0,1000,"sd","13:43:32",5995900
19200,0,3100,"bu","13:43:35",5999000
19200,0,20200,"bu","13:43:41",6019200
19200,0,3000,"bu","13:43:43",6022200
19200,0,100,"bu","13:43:47",6022300
19200,0,1000,"bu","13:43:49",6023300
19200,0,4400,"sd","13:43:51",6027700
19200,0,2300,"bu","13:43:54",6030000
19200,0,7900,"bu","13:43:58",6037900
19200,0,7500,"sd","13:44:00",6045400
19200,0,5600,"bu","13:44:04",6051000
19200,0,600,"sd","13:44:22",6051600
19150,-50,7900,"bu","13:44:26",6059500
19200,0,200,"sd","13:44:33",6059700
19200,0,500,"bu","13:44:44",6060200
19150,-50,4100,"sd","13:44:46",6064300
19200,0,10000,"sd","13:45:16",6074300
19150,-50,6000,"sd","13:45:29",6080300
19200,0,400,"bu","13:45:31",6080700
19150,-50,14300,"sd","13:45:33",6095000
19200,0,100,"bu","13:45:37",6095100
19200,0,1000,"bu","13:45:41",6096100
19150,-50,5600,"bu","13:45:43",6101700
19150,-50,7500,"bu","13:45:51",6109200
19150,-50,19500,"sd","13:46:13",6128700
19200,0,100,"bu","13:46:15",6128800
19200,0,200,"bu","13:46:17",6129000
19150,-50,4200,"bu","13:46:58",6133200
19200,0,3100,"sd","13:47:02",6136300
19150,-50,7900,"bu","13:47:12",6144200
19200,0,100,"sd","13:47:14",6144300
19150,-50,23700,"bu","13:47:15",6168000
19150,-50,7500,"sd","13:47:24",6175500
19200,0,21500,"sd","13:47:37",6197000
19150,-50,4700,"bu","13:47:47",6201700
19150,-50,7900,"sd","13:47:53",6209600
19150,-50,23700,"bu","13:47:55",6233300
19150,-50,7500,"sd","13:48:13",6240800
19150,-50,4000,"bu","13:48:31",6244800
19200,0,200,"bu","13:48:36",6245000
19200,0,100,"sd","13:48:39",6245100
19200,0,1800,"bu","13:48:47",6246900
19150,-50,4000,"bu","13:49:14",6250900
19150,-50,1000,"sd","13:49:48",6251900
19150,-50,4300,"sd","13:49:59",6256200
19150,-50,1000,"bu","13:50:01",6257200
19150,-50,800,"bu","13:50:11",6258000
19150,-50,900,"sd","13:50:22",6258900
19150,-50,800,"sd","13:50:30",6259700
19150,-50,4900,"bu","13:50:45",6264600
19200,0,3100,"bu","13:50:55",6267700
19150,-50,800,"bu","13:51:03",6268500
19200,0,4400,"bu","13:51:15",6272900
19200,0,23200,"bu","13:51:17",6296100
19150,-50,900,"bu","13:51:22",6297000
19150,-50,4400,"bu","13:51:26",6301400
19150,-50,900,"bu","13:51:32",6302300
19150,-50,1000,"sd","13:51:44",6303300
19150,-50,5000,"bu","13:51:51",6308300
19150,-50,1200,"bu","13:51:59",6309500
19150,-50,700,"bu","13:52:07",6310200
19150,-50,4300,"bu","13:52:11",6314500
19200,0,100,"bu","13:52:21",6314600
19150,-50,1300,"bu","13:52:23",6315900
19150,-50,900,"sd","13:52:32",6316800
19150,-50,1100,"sd","13:52:45",6317900
19150,-50,4100,"bu","13:52:55",6322000
19200,0,200,"sd","13:52:56",6322200
19150,-50,1100,"bu","13:52:59",6323300
19200,0,100,"sd","13:53:01",6323400
19150,-50,1100,"bu","13:53:11",6324500
19200,0,500,"sd","13:53:16",6325000
19150,-50,900,"sd","13:53:21",6325900
19150,-50,800,"sd","13:53:32",6326700
19150,-50,4200,"bu","13:53:40",6330900
19150,-50,6000,"bu","13:53:45",6336900
19150,-50,900,"bu","13:53:52",6337800
19150,-50,1100,"bu","13:54:07",6338900
19150,-50,4700,"bu","13:54:12",6343600
19150,-50,700,"sd","13:54:15",6344300
19150,-50,2000,"bu","13:54:17",6346300
19150,-50,4900,"sd","13:54:24",6351200
19200,0,100,"bu","13:54:28",6351300
19150,-50,900,"bu","13:54:36",6352200
19200,0,1700,"bu","13:54:48",6353900
19200,0,500,"bu","13:54:51",6354400
19200,0,1000,"sd","13:54:53",6355400
19200,0,4000,"bu","13:54:55",6359400
19200,0,6100,"bu","13:54:59",6365500
19200,0,200,"bu","13:55:01",6365700
19150,-50,9200,"bu","13:55:07",6374900
19150,-50,900,"bu","13:55:09",6375800
19150,-50,800,"sd","13:55:21",6376600
19200,0,11300,"sd","13:55:25",6387900
19200,0,1100,"sd","13:55:27",6389000
19150,-50,1200,"bu","13:55:32",6390200
19200,0,2100,"sd","13:55:45",6392300
19200,0,10000,"sd","13:55:47",6402300
19200,0,1000,"bu","13:55:49",6403300
19200,0,40000,"sd","13:55:55",6443300
19200,0,5800,"sd","13:55:57",6449100
19200,0,1300,"bu","13:56:01",6450400
19200,0,1100,"bu","13:56:03",6451500
19200,0,51100,"bu","13:56:06",6502600
19200,0,200,"sd","13:56:08",6502800
19200,0,1300,"bu","13:56:10",6504100
19200,0,8700,"bu","13:56:14",6512800
19200,0,1300,"sd","13:56:16",6514100
19200,0,900,"sd","13:56:19",6515000
19200,0,1900,"bu","13:56:23",6516900
19200,0,2000,"sd","13:56:27",6518900
19200,0,7200,"bu","13:56:29",6526100
19200,0,200,"sd","13:56:36",6526300
19200,0,1300,"sd","13:56:46",6527600
19200,0,100,"bu","13:56:52",6527700
19200,0,800,"sd","13:56:59",6528500
19200,0,100,"sd","13:57:09",6528600
19200,0,5100,"bu","13:57:22",6533700
19200,0,1200,"bu","13:57:37",6534900
19200,0,900,"bu","13:57:49",6535800
19200,0,4200,"bu","13:58:08",6540000
19200,0,100,"bu","13:58:10",6540100
19250,50,900,"bu","13:58:16",6541000
19250,50,3200,"bu","13:58:23",6544200
19200,0,1200,"bu","13:58:36",6545400
19250,50,1000,"sd","13:58:46",6546400
19200,0,4300,"sd","13:58:52",6550700
19250,50,10000,"sd","13:58:55",6560700
19250,50,1600,"bu","13:58:58",6562300
19200,0,2200,"bu","13:59:04",6564500
19250,50,2000,"bu","13:59:16",6566500
19250,50,100000,"sd","13:59:22",6666500
19250,50,100,"sd","13:59:24",6666600
19250,50,5000,"bu","13:59:26",6671600
19250,50,100,"bu","13:59:32",6671700
19250,50,10000,"bu","13:59:35",6681700
19250,50,1000,"bu","13:59:37",6682700
19250,50,48100,"bu","13:59:41",6730800
19250,50,2100,"bu","13:59:43",6732900
19250,50,1300,"sd","13:59:45",6734200
19200,0,5000,"bu","13:59:46",6739200
19250,50,8700,"bu","13:59:48",6747900
19250,50,3600,"bu","13:59:50",6751500
19250,50,3000,"bu","13:59:53",6754500
19250,50,2000,"bu","13:59:55",6756500
19250,50,2200,"sd","13:59:57",6758700
19250,50,5000,"sd","13:59:59",6763700
19250,50,1000,"bu","14:00:04",6764700
19250,50,22600,"bu","14:00:08",6787300
19250,50,600,"bu","14:00:10",6787900
19250,50,2000,"bu","14:00:27",6789900
19250,50,5000,"bu","14:00:29",6794900
19250,50,700,"bu","14:00:37",6795600
19250,50,900,"bu","14:00:46",6796500
19250,50,5000,"sd","14:00:57",6801500
19250,50,27800,"bu","14:01:00",6829300
19250,50,20000,"sd","14:01:02",6849300
19250,50,5000,"sd","14:01:04",6854300
19250,50,100,"bu","14:01:09",6854400
19200,0,4200,"sd","14:01:14",6858600
19250,50,3200,"bu","14:01:18",6861800
19250,50,300,"sd","14:01:21",6862100
19250,50,16700,"sd","14:01:23",6878800
19250,50,1100,"bu","14:01:37",6879900
19250,50,2000,"sd","14:01:50",6881900
19250,50,11800,"sd","14:01:58",6893700
19250,50,800,"bu","14:02:00",6894500
19250,50,10200,"bu","14:02:05",6904700
19250,50,100,"sd","14:02:06",6904800
19250,50,1700,"bu","14:02:09",6906500
19250,50,100,"bu","14:02:18",6906600
19250,50,2000,"bu","14:02:21",6908600
19250,50,1000,"sd","14:02:34",6909600
19250,50,2000,"sd","14:02:36",6911600
19250,50,13000,"sd","14:02:38",6924600
19200,0,9000,"bu","14:02:40",6933600
19200,0,7500,"bu","14:02:42",6941100
19250,50,7000,"bu","14:02:44",6948100
19250,50,30100,"bu","14:02:46",6978200
19250,50,800,"bu","14:02:50",6979000
19250,50,100,"bu","14:02:54",6979100
19250,50,2000,"sd","14:03:03",6981100
19250,50,1000,"sd","14:03:05",6982100
19250,50,700,"sd","14:03:09",6982800
19250,50,4000,"sd","14:03:33",6986800
19250,50,13000,"bu","14:03:38",6999800
19200,0,27800,"sd","14:03:50",7027600
19250,50,2000,"bu","14:04:00",7029600
19200,0,4300,"sd","14:04:07",7033900
19200,0,3000,"sd","14:04:32",7036900
19250,50,2900,"bu","14:04:39",7039800
19200,0,3900,"bu","14:04:49",7043700
19250,50,1000,"sd","14:05:04",7044700
19200,0,8100,"sd","14:05:09",7052800
19200,0,1200,"sd","14:05:15",7054000
19250,50,200,"sd","14:05:17",7054200
19250,50,500,"sd","14:05:28",7054700
19200,0,4000,"sd","14:05:33",7058700
19200,0,400,"sd","14:05:40",7059100
19200,0,4600,"bu","14:06:16",7063700
19250,50,6500,"bu","14:06:24",7070200
19200,0,10000,"bu","14:06:26",7080200
19200,0,300,"sd","14:06:30",7080500
19200,0,4000,"bu","14:06:59",7084500
19200,0,100,"bu","14:07:01",7084600
19250,50,300,"bu","14:07:16",7084900
19250,50,500,"bu","14:07:27",7085400
19250,50,1000,"sd","14:07:32",7086400
19200,0,4000,"bu","14:07:42",7090400
19250,50,200,"sd","14:07:45",7090600
19250,50,800,"bu","14:08:02",7091400
19250,50,5300,"sd","14:08:08",7096700
19200,0,500,"sd","14:08:17",7097200
19200,0,4200,"bu","14:08:26",7101400
19200,0,2000,"sd","14:08:45",7103400
19200,0,100000,"sd","14:08:47",7203400
19200,0,102000,"sd","14:08:58",7305400
19200,0,50000,"bu","14:09:00",7355400
19200,0,4100,"sd","14:09:09",7359500
19200,0,2200,"sd","14:09:14",7361700
19200,0,3300,"sd","14:09:21",7365000
19200,0,200,"bu","14:09:41",7365200
19200,0,7000,"bu","14:09:45",7372200
19200,0,300,"bu","14:09:49",7372500
19200,0,5100,"bu","14:09:54",7377600
19200,0,8000,"bu","14:10:03",7385600
19200,0,17000,"bu","14:10:07",7402600
19200,0,2600,"sd","14:10:14",7405200
19200,0,2100,"bu","14:10:22",7407300
19200,0,100,"sd","14:10:50",7407400
19200,0,1600,"bu","14:11:07",7409000
19200,0,700,"sd","14:11:18",7409700
19150,-50,5300,"sd","14:11:36",7415000
19200,0,900,"bu","14:11:41",7415900
19200,0,1000,"bu","14:12:10",7416900
19200,0,1500,"bu","14:12:15",7418400
19150,-50,9400,"bu","14:12:22",7427800
19200,0,100,"bu","14:12:30",7427900
19200,0,200,"sd","14:12:32",7428100
19200,0,5000,"bu","14:12:35",7433100
19200,0,1100,"sd","14:12:44",7434200
19200,0,200,"bu","14:13:07",7434400
19200,0,700,"bu","14:13:19",7435100
19200,0,1000,"bu","14:13:24",7436100
19150,-50,7900,"bu","14:13:52",7444000
19200,0,600,"bu","14:13:54",7444600
19200,0,5200,"bu","14:14:25",7449800
19150,-50,7300,"bu","14:14:28",7457100
19200,0,65700,"bu","14:14:37",7522800
19200,0,30300,"bu","14:14:39",7553100
19200,0,8800,"sd","14:14:41",7561900
19200,0,1000,"bu","14:14:57",7562900
19200,0,20000,"bu","14:15:32",7582900
19200,0,2000,"sd","14:15:52",7584900
19200,0,300,"bu","14:15:55",7585200
19200,0,1400,"bu","14:15:59",7586600
19200,0,1000,"sd","14:16:04",7587600
19250,50,300,"bu","14:16:12",7587900
19200,0,7900,"sd","14:16:33",7595800
19150,-50,23800,"sd","14:16:38",7619600
19250,50,23000,"bu","14:16:54",7642600
19200,0,7000,"bu","14:16:59",7649600
19200,0,9600,"sd","14:17:20",7659200
19250,50,1300,"bu","14:17:26",7660500
19200,0,1500,"sd","14:17:31",7662000
19200,0,7200,"sd","14:17:36",7669200
19200,0,100,"bu","14:17:39",7669300
19200,0,600,"bu","14:17:49",7669900
19200,0,4000,"bu","14:17:54",7673900
19200,0,5200,"bu","14:18:27",7679100
19200,0,500,"bu","14:18:31",7679600
19200,0,10300,"bu","14:18:58",7689900
19200,0,10500,"bu","14:19:08",7700400
19200,0,300,"bu","14:19:54",7700700
19250,50,95000,"sd","14:20:24",7795700
19200,0,5100,"sd","14:20:26",7800800
19250,50,5000,"bu","14:20:33",7805800
19250,50,7900,"sd","14:20:42",7813700
19250,50,200,"bu","14:20:46",7813900
19250,50,10000,"sd","14:21:03",7823900
19250,50,1200,"sd","14:21:13",7825100
19250,50,100,"sd","14:21:21",7825200
19250,50,2000,"bu","14:21:29",7827200
19250,50,8600,"bu","14:21:32",7835800
19250,50,10200,"sd","14:21:37",7846000
19250,50,1000,"bu","14:21:44",7847000
19250,50,500,"sd","14:22:00",7847500
19250,50,1000,"sd","14:22:07",7848500
19200,0,8700,"sd","14:22:10",7857200
19200,0,30500,"bu","14:22:20",7887700
19250,50,13600,"sd","14:22:22",7901300
19250,50,10000,"bu","14:22:38",7911300
19200,0,5800,"sd","14:22:53",7917100
19250,50,23000,"sd","14:22:57",7940100
19250,50,10000,"bu","14:23:00",7950100
19250,50,5000,"bu","14:23:07",7955100
19250,50,36900,"bu","14:23:09",7992000
19250,50,5000,"bu","14:23:12",7997000
19250,50,1000,"sd","14:23:16",7998000
19250,50,500,"bu","14:23:19",7998500
19250,50,5500,"bu","14:23:27",8004000
19250,50,1400,"sd","14:23:29",8005400
19250,50,6000,"bu","14:23:37",8011400
19250,50,3200,"bu","14:23:41",8014600
19250,50,500,"bu","14:23:44",8015100
19250,50,4000,"bu","14:24:09",8019100
19250,50,6600,"sd","14:24:19",8025700
19200,0,6200,"sd","14:24:24",8031900
19250,50,1300,"bu","14:24:32",8033200
19250,50,4200,"bu","14:24:34",8037400
19250,50,4800,"sd","14:24:45",8042200
19250,50,12800,"bu","14:24:50",8055000
19250,50,1000,"bu","14:24:53",8056000
19250,50,200,"bu","14:25:09",8056200
19250,50,8900,"bu","14:25:22",8065100
19250,50,29700,"sd","14:25:31",8094800
19250,50,300,"sd","14:25:36",8095100
19250,50,52900,"sd","14:25:40",8148000
19250,50,4900,"bu","14:25:45",8152900
19300,100,8400,"bu","14:25:55",8161300
19250,50,6900,"sd","14:26:01",8168200
19250,50,10500,"bu","14:26:03",8178700
19250,50,9200,"bu","14:26:10",8187900
19250,50,83100,"bu","14:26:12",8271000
19250,50,6100,"sd","14:26:15",8277100
19250,50,7000,"sd","14:26:17",8284100
19250,50,500,"bu","14:26:32",8284600
19250,50,300,"sd","14:26:34",8284900
19250,50,5000,"sd","14:26:37",8289900
19250,50,800,"bu","14:26:42",8290700
19250,50,1000,"sd","14:26:47",8291700
19250,50,10600,"bu","14:27:03",8302300
19250,50,2000,"sd","14:27:10",8304300
19300,100,5000,"bu","14:27:13",8309300
19250,50,5900,"sd","14:27:15",8315200
19250,50,1000,"bu","14:27:22",8316200
19250,50,400,"sd","14:27:27",8316600
19250,50,3400,"bu","14:27:30",8320000
19250,50,7800,"sd","14:27:41",8327800
19250,50,10200,"sd","14:27:47",8338000
19250,50,1900,"bu","14:27:54",8339900
19250,50,8300,"bu","14:27:58",8348200
19250,50,1700,"bu","14:28:03",8349900
19250,50,5000,"bu","14:28:08",8354900
19250,50,113600,"sd","14:28:13",8468500
19250,50,6500,"sd","14:28:18",8475000
19250,50,2500,"sd","14:28:35",8477500
19250,50,100,"bu","14:28:37",8477600
19250,50,1200,"bu","14:28:46",8478800
19300,100,33000,"sd","14:28:51",8511800
19250,50,100,"sd","14:28:55",8511900
19300,100,5100,"sd","14:29:03",8517000
19300,100,18500,"bu","14:29:05",8535500
19250,50,5500,"sd","14:29:08",8541000
19300,100,2300,"bu","14:29:16",8543300
19250,50,1500,"sd","14:29:21",8544800
19300,100,5000,"bu","14:29:24",8549800
19250,50,2200,"sd","14:29:35",8552000
19250,50,500,"bu","14:29:38",8552500
19250,50,20000,"sd","14:29:48",8572500
19250,50,1000,"sd","14:29:53",8573500
19250,50,20000,"sd","14:30:01",8593500
19250,50,419300,"bu","14:45:09",9012800
