"id","symbol","truncTime","matchType","matchVol","matchPrice","accumulatedVolume","createdAt","updatedAt"
162089697,"GEG","1704181493","unknown","24600","12900","634000","2024-01-02T07:45:06.580Z","2024-01-02T07:45:06.580Z"
162089026,"GEG","1704180588","s","500","12900","609400","2024-01-02T07:30:00.541Z","2024-01-02T07:30:00.541Z"
162081131,"GEG","1704180477","s","5000","12900","603900","2024-01-02T07:28:09.549Z","2024-01-02T07:28:09.549Z"
162079838,"GEG","1704180457","s","100","12950","603900","2024-01-02T07:27:49.594Z","2024-01-02T07:27:49.594Z"
162079837,"GEG","1704180457","s","300","12950","603900","2024-01-02T07:27:49.594Z","2024-01-02T07:27:49.594Z"
162072198,"GEG","1704180366","s","100","12950","603500","2024-01-02T07:26:18.602Z","2024-01-02T07:26:18.602Z"
162069616,"GEG","1704180333","s","2100","12900","592000","2024-01-02T07:25:45.580Z","2024-01-02T07:25:45.580Z"
162069615,"GEG","1704180333","s","1000","12900","592000","2024-01-02T07:25:45.580Z","2024-01-02T07:25:45.580Z"
162069614,"GEG","1704180333","s","100","12900","592000","2024-01-02T07:25:45.580Z","2024-01-02T07:25:45.580Z"
162069613,"GEG","1704180333","s","100","12900","592000","2024-01-02T07:25:45.580Z","2024-01-02T07:25:45.580Z"
162069612,"GEG","1704180333","s","100","12900","592000","2024-01-02T07:25:45.580Z","2024-01-02T07:25:45.580Z"
162069611,"GEG","1704180333","s","200","12900","592000","2024-01-02T07:25:45.580Z","2024-01-02T07:25:45.580Z"
162069610,"GEG","1704180333","s","5000","12900","592000","2024-01-02T07:25:45.580Z","2024-01-02T07:25:45.580Z"
162069609,"GEG","1704180333","s","500","12900","592000","2024-01-02T07:25:45.580Z","2024-01-02T07:25:45.580Z"
162069608,"GEG","1704180333","s","100","12900","592000","2024-01-02T07:25:45.580Z","2024-01-02T07:25:45.580Z"
162069607,"GEG","1704180333","s","100","12900","592000","2024-01-02T07:25:45.580Z","2024-01-02T07:25:45.580Z"
162069606,"GEG","1704180333","s","300","12900","592000","2024-01-02T07:25:45.580Z","2024-01-02T07:25:45.580Z"
162069605,"GEG","1704180333","s","700","12900","592000","2024-01-02T07:25:45.580Z","2024-01-02T07:25:45.580Z"
162069604,"GEG","1704180333","s","100","12900","592000","2024-01-02T07:25:45.580Z","2024-01-02T07:25:45.580Z"
162069603,"GEG","1704180333","s","1000","12900","592000","2024-01-02T07:25:45.580Z","2024-01-02T07:25:45.580Z"
162064471,"GEG","1704180271","b","1200","12950","592000","2024-01-02T07:24:43.546Z","2024-01-02T07:24:43.546Z"
162064293,"GEG","1704180268","b","100","12950","590800","2024-01-02T07:24:40.568Z","2024-01-02T07:24:40.568Z"
162055641,"GEG","1704180160","b","1000","12950","589700","2024-01-02T07:22:53.548Z","2024-01-02T07:22:53.548Z"
162053530,"GEG","1704180131","b","100","12950","589700","2024-01-02T07:22:23.555Z","2024-01-02T07:22:23.555Z"
162051810,"GEG","1704180099","b","100","12950","589600","2024-01-02T07:21:51.534Z","2024-01-02T07:21:51.534Z"
162051630,"GEG","1704180095","s","1000","12900","589500","2024-01-02T07:21:46.542Z","2024-01-02T07:21:46.542Z"
162051629,"GEG","1704180095","s","200","12900","589500","2024-01-02T07:21:46.542Z","2024-01-02T07:21:46.542Z"
162051628,"GEG","1704180095","s","800","12900","589500","2024-01-02T07:21:46.542Z","2024-01-02T07:21:46.542Z"
162050622,"GEG","1704180080","b","200","12950","587300","2024-01-02T07:21:32.547Z","2024-01-02T07:21:32.547Z"
162050608,"GEG","1704180080","s","200","12900","586500","2024-01-02T07:21:32.547Z","2024-01-02T07:21:32.547Z"
162050607,"GEG","1704180080","s","600","12900","586500","2024-01-02T07:21:32.547Z","2024-01-02T07:21:32.547Z"
162049717,"GEG","1704180062","s","400","12900","586500","2024-01-02T07:21:14.550Z","2024-01-02T07:21:14.550Z"
162046182,"GEG","1704179992","s","1000","12950","560200","2024-01-02T07:20:03.539Z","2024-01-02T07:20:03.539Z"
162046181,"GEG","1704179992","s","100","12950","560200","2024-01-02T07:20:03.539Z","2024-01-02T07:20:03.539Z"
162046180,"GEG","1704179992","s","100","12950","560200","2024-01-02T07:20:03.539Z","2024-01-02T07:20:03.539Z"
162046179,"GEG","1704179992","s","1000","12950","560200","2024-01-02T07:20:03.539Z","2024-01-02T07:20:03.539Z"
162046178,"GEG","1704179992","s","1700","12950","560200","2024-01-02T07:20:03.539Z","2024-01-02T07:20:03.539Z"
162046177,"GEG","1704179992","s","100","12950","560200","2024-01-02T07:20:03.539Z","2024-01-02T07:20:03.539Z"
162046176,"GEG","1704179992","s","100","12950","560200","2024-01-02T07:20:03.539Z","2024-01-02T07:20:03.539Z"
162046175,"GEG","1704179992","s","100","12950","560200","2024-01-02T07:20:03.539Z","2024-01-02T07:20:03.539Z"
162046174,"GEG","1704179992","s","1000","12950","560200","2024-01-02T07:20:03.539Z","2024-01-02T07:20:03.539Z"
162046173,"GEG","1704179992","s","200","12950","560200","2024-01-02T07:20:03.539Z","2024-01-02T07:20:03.539Z"
162046172,"GEG","1704179992","s","15700","12950","560200","2024-01-02T07:20:03.539Z","2024-01-02T07:20:03.539Z"
162046171,"GEG","1704179992","s","4800","12950","560200","2024-01-02T07:20:03.539Z","2024-01-02T07:20:03.539Z"
162027534,"GEG","1704179386","s","100","12950","560100","2024-01-02T07:09:59.521Z","2024-01-02T07:09:59.521Z"
162025344,"GEG","1704179297","s","3900","12950","560100","2024-01-02T07:08:29.542Z","2024-01-02T07:08:29.542Z"
162025343,"GEG","1704179297","s","100","12950","560100","2024-01-02T07:08:29.542Z","2024-01-02T07:08:29.542Z"
162025342,"GEG","1704179297","s","1300","12950","560100","2024-01-02T07:08:29.542Z","2024-01-02T07:08:29.542Z"
162025341,"GEG","1704179297","s","500","12950","560100","2024-01-02T07:08:29.542Z","2024-01-02T07:08:29.542Z"
162025340,"GEG","1704179297","s","4200","12950","560100","2024-01-02T07:08:29.542Z","2024-01-02T07:08:29.542Z"
162022930,"GEG","1704179201","s","4800","12950","545100","2024-01-02T07:06:54.519Z","2024-01-02T07:06:54.519Z"
162022929,"GEG","1704179201","s","200","12950","545100","2024-01-02T07:06:54.519Z","2024-01-02T07:06:54.519Z"
162021105,"GEG","1704179132","s","100","13000","545000","2024-01-02T07:05:44.525Z","2024-01-02T07:05:44.525Z"
162020471,"GEG","1704179111","s","100","13000","545000","2024-01-02T07:05:22.543Z","2024-01-02T07:05:22.543Z"
162020470,"GEG","1704179111","s","400","13000","545000","2024-01-02T07:05:22.543Z","2024-01-02T07:05:22.543Z"
162017469,"GEG","1704179027","s","100","13000","544500","2024-01-02T07:03:59.526Z","2024-01-02T07:03:59.526Z"
162016346,"GEG","1704178992","s","500","13000","544400","2024-01-02T07:03:25.519Z","2024-01-02T07:03:25.519Z"
162016345,"GEG","1704178992","s","500","13000","544400","2024-01-02T07:03:25.519Z","2024-01-02T07:03:25.519Z"
162010907,"GEG","1704178825","s","600","13000","543400","2024-01-02T07:00:37.515Z","2024-01-02T07:00:37.515Z"
162009943,"GEG","1704178791","s","600","13000","542800","2024-01-02T07:00:03.514Z","2024-01-02T07:00:03.514Z"
162008491,"GEG","1704178744","b","2000","13000","542200","2024-01-02T06:59:16.531Z","2024-01-02T06:59:16.531Z"
162008490,"GEG","1704178744","b","100","13000","542200","2024-01-02T06:59:16.531Z","2024-01-02T06:59:16.531Z"
162008489,"GEG","1704178744","b","100","13000","542200","2024-01-02T06:59:16.531Z","2024-01-02T06:59:16.531Z"
162008488,"GEG","1704178744","b","200","13000","542200","2024-01-02T06:59:16.531Z","2024-01-02T06:59:16.531Z"
162008487,"GEG","1704178744","b","400","13000","542200","2024-01-02T06:59:16.531Z","2024-01-02T06:59:16.531Z"
162008486,"GEG","1704178744","b","100","13000","542200","2024-01-02T06:59:16.531Z","2024-01-02T06:59:16.531Z"
162008485,"GEG","1704178744","b","700","13000","542200","2024-01-02T06:59:16.531Z","2024-01-02T06:59:16.531Z"
162008484,"GEG","1704178744","b","300","13000","542200","2024-01-02T06:59:16.531Z","2024-01-02T06:59:16.531Z"
162008483,"GEG","1704178744","b","2000","13000","542200","2024-01-02T06:59:16.531Z","2024-01-02T06:59:16.531Z"
162008482,"GEG","1704178744","b","1000","13000","542200","2024-01-02T06:59:16.531Z","2024-01-02T06:59:16.531Z"
162008481,"GEG","1704178744","b","1000","13000","542200","2024-01-02T06:59:16.531Z","2024-01-02T06:59:16.531Z"
162008480,"GEG","1704178744","b","10100","13000","542200","2024-01-02T06:59:16.531Z","2024-01-02T06:59:16.531Z"
162005055,"GEG","1704178614","b","100","13000","524100","2024-01-02T06:57:06.519Z","2024-01-02T06:57:06.519Z"
162003292,"GEG","1704178550","b","1400","13000","522700","2024-01-02T06:56:02.508Z","2024-01-02T06:56:02.508Z"
162003217,"GEG","1704178547","b","400","12950","522700","2024-01-02T06:55:59.513Z","2024-01-02T06:55:59.513Z"
161996076,"GEG","1704178261","b","200","12950","522300","2024-01-02T06:51:14.508Z","2024-01-02T06:51:14.508Z"
161996070,"GEG","1704178261","b","100","12950","522000","2024-01-02T06:51:14.508Z","2024-01-02T06:51:14.508Z"
161994734,"GEG","1704178220","s","200","12950","521800","2024-01-02T06:50:32.520Z","2024-01-02T06:50:32.520Z"
161982760,"GEG","1704177900","b","100","13000","521800","2024-01-02T06:45:13.497Z","2024-01-02T06:45:13.497Z"
161980193,"GEG","1704177793","s","500","12900","521200","2024-01-02T06:43:25.496Z","2024-01-02T06:43:25.496Z"
161980004,"GEG","1704177785","s","1100","12900","521200","2024-01-02T06:43:16.501Z","2024-01-02T06:43:16.501Z"
161976526,"GEG","1704177663","b","200","12900","520100","2024-01-02T06:41:15.506Z","2024-01-02T06:41:15.506Z"
161976525,"GEG","1704177663","b","3700","12900","520100","2024-01-02T06:41:15.506Z","2024-01-02T06:41:15.506Z"
161976062,"GEG","1704177647","b","200","12900","516000","2024-01-02T06:40:58.506Z","2024-01-02T06:40:58.506Z"
161973949,"GEG","1704177562","b","2400","12900","516000","2024-01-02T06:39:34.505Z","2024-01-02T06:39:34.505Z"
161973438,"GEG","1704177539","s","1000","12900","499900","2024-01-02T06:39:10.501Z","2024-01-02T06:39:10.501Z"
161973437,"GEG","1704177539","s","1000","12900","499900","2024-01-02T06:39:10.501Z","2024-01-02T06:39:10.501Z"
161973436,"GEG","1704177539","s","200","12900","499900","2024-01-02T06:39:10.501Z","2024-01-02T06:39:10.501Z"
161973435,"GEG","1704177539","s","10000","12900","499900","2024-01-02T06:39:10.501Z","2024-01-02T06:39:10.501Z"
161973434,"GEG","1704177539","s","1000","12900","499900","2024-01-02T06:39:10.501Z","2024-01-02T06:39:10.501Z"
161973433,"GEG","1704177539","s","500","12900","499900","2024-01-02T06:39:10.501Z","2024-01-02T06:39:10.501Z"
161964809,"GEG","1704177198","b","4500","12900","499900","2024-01-02T06:33:30.504Z","2024-01-02T06:33:30.504Z"
161964781,"GEG","1704177197","b","500","12900","494900","2024-01-02T06:33:30.504Z","2024-01-02T06:33:30.504Z"
161964297,"GEG","1704177176","b","5700","12900","494900","2024-01-02T06:33:08.485Z","2024-01-02T06:33:08.485Z"
161963801,"GEG","1704177150","b","200","12900","489200","2024-01-02T06:32:42.498Z","2024-01-02T06:32:42.498Z"
161963744,"GEG","1704177147","b","600","12900","488400","2024-01-02T06:32:39.489Z","2024-01-02T06:32:39.489Z"
161963622,"GEG","1704177139","b","100","12900","488300","2024-01-02T06:32:31.487Z","2024-01-02T06:32:31.487Z"
161963287,"GEG","1704177123","b","10000","12900","478300","2024-01-02T06:32:16.490Z","2024-01-02T06:32:16.490Z"
161963140,"GEG","1704177115","s","100","12900","469900","2024-01-02T06:32:08.491Z","2024-01-02T06:32:08.491Z"
161963139,"GEG","1704177115","s","1000","12900","469900","2024-01-02T06:32:08.491Z","2024-01-02T06:32:08.491Z"
