"id","symbol","truncTime","matchType","matchVol","matchPrice","accumulatedVolume","createdAt","updatedAt"
162089747,"VHC","1704181494","unknown","24200","75200","629500","2024-01-02T07:45:06.580Z","2024-01-02T07:45:06.580Z"
162088377,"VHC","1704180579","b","200","75100","629500","2024-01-02T07:29:50.538Z","2024-01-02T07:29:50.538Z"
162087960,"VHC","1704180572","s","1000","75000","629300","2024-01-02T07:29:44.625Z","2024-01-02T07:29:44.625Z"
162087683,"VHC","1704180568","b","100","75100","628200","2024-01-02T07:29:40.549Z","2024-01-02T07:29:40.549Z"
162087216,"VHC","1704180561","b","200","75100","628000","2024-01-02T07:29:34.548Z","2024-01-02T07:29:34.548Z"
162086652,"VHC","1704180552","s","1500","75100","626500","2024-01-02T07:29:25.571Z","2024-01-02T07:29:25.571Z"
162085884,"VHC","1704180543","s","1000","75100","626500","2024-01-02T07:29:15.589Z","2024-01-02T07:29:15.589Z"
162085251,"VHC","1704180531","s","1900","75100","625500","2024-01-02T07:29:03.556Z","2024-01-02T07:29:03.556Z"
162085250,"VHC","1704180531","s","100","75100","625500","2024-01-02T07:29:03.556Z","2024-01-02T07:29:03.556Z"
162083977,"VHC","1704180514","b","500","75100","617600","2024-01-02T07:28:45.548Z","2024-01-02T07:28:45.548Z"
162083976,"VHC","1704180514","b","400","75100","617600","2024-01-02T07:28:45.548Z","2024-01-02T07:28:45.548Z"
162083975,"VHC","1704180514","b","1000","75100","617600","2024-01-02T07:28:45.548Z","2024-01-02T07:28:45.548Z"
162083974,"VHC","1704180514","b","3000","75100","617600","2024-01-02T07:28:45.548Z","2024-01-02T07:28:45.548Z"
162083973,"VHC","1704180514","b","1000","75100","617600","2024-01-02T07:28:45.548Z","2024-01-02T07:28:45.548Z"
162083753,"VHC","1704180512","s","1000","75000","617600","2024-01-02T07:28:44.593Z","2024-01-02T07:28:44.593Z"
162081894,"VHC","1704180487","s","100","75000","616500","2024-01-02T07:28:19.574Z","2024-01-02T07:28:19.574Z"
162080569,"VHC","1704180469","s","500","75000","616500","2024-01-02T07:28:01.582Z","2024-01-02T07:28:01.582Z"
162080104,"VHC","1704180461","s","500","75000","616000","2024-01-02T07:27:53.591Z","2024-01-02T07:27:53.591Z"
162078174,"VHC","1704180443","s","500","75000","615500","2024-01-02T07:27:34.556Z","2024-01-02T07:27:34.556Z"
162078173,"VHC","1704180443","s","100","75000","615500","2024-01-02T07:27:34.556Z","2024-01-02T07:27:34.556Z"
162078172,"VHC","1704180443","s","500","75000","615500","2024-01-02T07:27:34.556Z","2024-01-02T07:27:34.556Z"
162078171,"VHC","1704180443","s","900","75000","615500","2024-01-02T07:27:34.556Z","2024-01-02T07:27:34.556Z"
162075887,"VHC","1704180411","s","500","75000","613500","2024-01-02T07:27:03.547Z","2024-01-02T07:27:03.547Z"
162074383,"VHC","1704180397","s","500","75000","613000","2024-01-02T07:26:49.541Z","2024-01-02T07:26:49.541Z"
162073900,"VHC","1704180391","s","3000","75000","609500","2024-01-02T07:26:43.546Z","2024-01-02T07:26:43.546Z"
162073301,"VHC","1704180382","s","100","75000","609000","2024-01-02T07:26:34.549Z","2024-01-02T07:26:34.549Z"
162073300,"VHC","1704180382","s","400","75000","609000","2024-01-02T07:26:34.549Z","2024-01-02T07:26:34.549Z"
162073265,"VHC","1704180381","s","1600","75000","609000","2024-01-02T07:26:33.555Z","2024-01-02T07:26:33.555Z"
162073264,"VHC","1704180381","s","3400","75000","609000","2024-01-02T07:26:33.555Z","2024-01-02T07:26:33.555Z"
162073045,"VHC","1704180378","b","1600","75000","604000","2024-01-02T07:26:29.593Z","2024-01-02T07:26:29.593Z"
162072368,"VHC","1704180368","b","100","75000","602300","2024-01-02T07:26:20.573Z","2024-01-02T07:26:20.573Z"
162072077,"VHC","1704180364","s","3300","75000","599000","2024-01-02T07:26:16.659Z","2024-01-02T07:26:16.659Z"
162071819,"VHC","1704180362","s","500","75000","599000","2024-01-02T07:26:14.545Z","2024-01-02T07:26:14.545Z"
162071749,"VHC","1704180361","b","1200","75000","597300","2024-01-02T07:26:13.550Z","2024-01-02T07:26:13.550Z"
162071650,"VHC","1704180359","s","3800","75000","593500","2024-01-02T07:26:11.563Z","2024-01-02T07:26:11.563Z"
162071570,"VHC","1704180358","b","1000","75000","592500","2024-01-02T07:26:10.552Z","2024-01-02T07:26:10.552Z"
162071567,"VHC","1704180358","b","200","75000","592300","2024-01-02T07:26:10.552Z","2024-01-02T07:26:10.552Z"
162071372,"VHC","1704180355","s","500","75000","592300","2024-01-02T07:26:08.540Z","2024-01-02T07:26:08.540Z"
162071371,"VHC","1704180355","s","400","75000","592300","2024-01-02T07:26:08.540Z","2024-01-02T07:26:08.540Z"
162071364,"VHC","1704180355","s","900","75000","588500","2024-01-02T07:26:08.540Z","2024-01-02T07:26:08.540Z"
162071363,"VHC","1704180355","s","300","75000","588500","2024-01-02T07:26:08.540Z","2024-01-02T07:26:08.540Z"
162071362,"VHC","1704180355","s","200","75000","588500","2024-01-02T07:26:08.540Z","2024-01-02T07:26:08.540Z"
162071361,"VHC","1704180355","s","800","75000","588500","2024-01-02T07:26:08.540Z","2024-01-02T07:26:08.540Z"
162071360,"VHC","1704180355","s","100","75000","588500","2024-01-02T07:26:08.540Z","2024-01-02T07:26:08.540Z"
162071359,"VHC","1704180355","s","600","75000","588500","2024-01-02T07:26:08.540Z","2024-01-02T07:26:08.540Z"
162071279,"VHC","1704180354","s","1000","75000","588500","2024-01-02T07:26:06.554Z","2024-01-02T07:26:06.554Z"
162071210,"VHC","1704180353","s","100","75000","587400","2024-01-02T07:26:05.580Z","2024-01-02T07:26:05.580Z"
162071100,"VHC","1704180351","s","100","75000","587400","2024-01-02T07:26:04.557Z","2024-01-02T07:26:04.557Z"
162070243,"VHC","1704180341","s","1200","75000","587300","2024-01-02T07:25:53.574Z","2024-01-02T07:25:53.574Z"
162070242,"VHC","1704180341","s","800","75000","587300","2024-01-02T07:25:53.574Z","2024-01-02T07:25:53.574Z"
162068982,"VHC","1704180325","s","1000","75000","584300","2024-01-02T07:25:37.557Z","2024-01-02T07:25:37.557Z"
162068936,"VHC","1704180324","s","1000","75000","584300","2024-01-02T07:25:36.551Z","2024-01-02T07:25:36.551Z"
162068289,"VHC","1704180317","s","500","75000","583300","2024-01-02T07:25:29.649Z","2024-01-02T07:25:29.649Z"
162067941,"VHC","1704180314","s","1000","75000","582800","2024-01-02T07:25:27.555Z","2024-01-02T07:25:27.555Z"
162067446,"VHC","1704180309","s","1000","75000","580800","2024-01-02T07:25:21.541Z","2024-01-02T07:25:21.541Z"
162066331,"VHC","1704180294","s","1000","75000","578800","2024-01-02T07:25:06.629Z","2024-01-02T07:25:06.629Z"
162066330,"VHC","1704180294","s","1000","75000","578800","2024-01-02T07:25:06.629Z","2024-01-02T07:25:06.629Z"
162065585,"VHC","1704180288","s","1000","75000","578800","2024-01-02T07:25:00.556Z","2024-01-02T07:25:00.556Z"
162061274,"VHC","1704180233","b","100","75100","577800","2024-01-02T07:24:05.565Z","2024-01-02T07:24:05.565Z"
162060589,"VHC","1704180225","b","400","75100","576700","2024-01-02T07:23:58.586Z","2024-01-02T07:23:58.586Z"
162060588,"VHC","1704180225","b","600","75100","576700","2024-01-02T07:23:58.586Z","2024-01-02T07:23:58.586Z"
162059973,"VHC","1704180218","s","400","75000","576300","2024-01-02T07:23:50.800Z","2024-01-02T07:23:50.800Z"
162051811,"VHC","1704180099","b","100","75100","576300","2024-01-02T07:21:51.534Z","2024-01-02T07:21:51.534Z"
162051460,"VHC","1704180092","b","400","75100","576200","2024-01-02T07:21:44.585Z","2024-01-02T07:21:44.585Z"
162048598,"VHC","1704180041","b","200","75100","575600","2024-01-02T07:20:53.567Z","2024-01-02T07:20:53.567Z"
162047393,"VHC","1704180019","s","500","75100","575600","2024-01-02T07:20:31.557Z","2024-01-02T07:20:31.557Z"
162047392,"VHC","1704180019","s","1200","75100","575600","2024-01-02T07:20:31.557Z","2024-01-02T07:20:31.557Z"
162046503,"VHC","1704180003","s","300","75100","573600","2024-01-02T07:20:14.554Z","2024-01-02T07:20:14.554Z"
162045955,"VHC","1704179986","s","500","75100","573600","2024-01-02T07:19:58.556Z","2024-01-02T07:19:58.556Z"
162045895,"VHC","1704179984","s","2000","75100","570900","2024-01-02T07:19:56.537Z","2024-01-02T07:19:56.537Z"
162045894,"VHC","1704179984","s","200","75100","570900","2024-01-02T07:19:56.537Z","2024-01-02T07:19:56.537Z"
162043250,"VHC","1704179914","s","100","75100","570900","2024-01-02T07:18:46.552Z","2024-01-02T07:18:46.552Z"
162043249,"VHC","1704179914","s","200","75100","570900","2024-01-02T07:18:46.552Z","2024-01-02T07:18:46.552Z"
162042684,"VHC","1704179901","s","100","75100","570500","2024-01-02T07:18:34.567Z","2024-01-02T07:18:34.567Z"
162042120,"VHC","1704179891","s","400","75100","570500","2024-01-02T07:18:23.546Z","2024-01-02T07:18:23.546Z"
162042119,"VHC","1704179891","s","300","75100","570500","2024-01-02T07:18:23.546Z","2024-01-02T07:18:23.546Z"
162039894,"VHC","1704179833","b","500","75200","569800","2024-01-02T07:17:25.535Z","2024-01-02T07:17:25.535Z"
162039149,"VHC","1704179809","b","100","75200","569200","2024-01-02T07:17:01.547Z","2024-01-02T07:17:01.547Z"
162038705,"VHC","1704179799","b","400","75200","569200","2024-01-02T07:16:51.536Z","2024-01-02T07:16:51.536Z"
162038704,"VHC","1704179799","b","100","75200","569200","2024-01-02T07:16:51.536Z","2024-01-02T07:16:51.536Z"
162038703,"VHC","1704179799","b","500","75200","569200","2024-01-02T07:16:51.536Z","2024-01-02T07:16:51.536Z"
162038702,"VHC","1704179799","b","100","75200","569200","2024-01-02T07:16:51.536Z","2024-01-02T07:16:51.536Z"
162038701,"VHC","1704179799","b","3500","75200","569200","2024-01-02T07:16:51.536Z","2024-01-02T07:16:51.536Z"
162038700,"VHC","1704179799","b","100","75200","569200","2024-01-02T07:16:51.536Z","2024-01-02T07:16:51.536Z"
162038699,"VHC","1704179799","b","100","75200","569200","2024-01-02T07:16:51.536Z","2024-01-02T07:16:51.536Z"
162038698,"VHC","1704179799","b","100","75200","569200","2024-01-02T07:16:51.536Z","2024-01-02T07:16:51.536Z"
162038697,"VHC","1704179799","b","100","75200","569200","2024-01-02T07:16:51.536Z","2024-01-02T07:16:51.536Z"
162038679,"VHC","1704179799","b","100","75200","563200","2024-01-02T07:16:51.536Z","2024-01-02T07:16:51.536Z"
162038678,"VHC","1704179799","b","100","75200","563200","2024-01-02T07:16:51.536Z","2024-01-02T07:16:51.536Z"
162038677,"VHC","1704179799","b","800","75200","563200","2024-01-02T07:16:51.536Z","2024-01-02T07:16:51.536Z"
162038201,"VHC","1704179784","b","200","75200","563200","2024-01-02T07:16:37.533Z","2024-01-02T07:16:37.533Z"
162038200,"VHC","1704179784","b","400","75200","563200","2024-01-02T07:16:37.533Z","2024-01-02T07:16:37.533Z"
162038199,"VHC","1704179784","b","400","75200","563200","2024-01-02T07:16:37.533Z","2024-01-02T07:16:37.533Z"
162038198,"VHC","1704179784","b","100","75200","563200","2024-01-02T07:16:37.533Z","2024-01-02T07:16:37.533Z"
162038197,"VHC","1704179784","b","2800","75200","563200","2024-01-02T07:16:37.533Z","2024-01-02T07:16:37.533Z"
162037431,"VHC","1704179757","b","200","75200","559300","2024-01-02T07:16:10.537Z","2024-01-02T07:16:10.537Z"
162037430,"VHC","1704179757","b","300","75200","559300","2024-01-02T07:16:10.537Z","2024-01-02T07:16:10.537Z"
162036395,"VHC","1704179718","b","100","75200","558700","2024-01-02T07:15:30.535Z","2024-01-02T07:15:30.535Z"
162035808,"VHC","1704179695","s","300","75100","557900","2024-01-02T07:15:07.562Z","2024-01-02T07:15:07.562Z"
162035807,"VHC","1704179695","s","500","75100","557900","2024-01-02T07:15:07.562Z","2024-01-02T07:15:07.562Z"
