"id","symbol","truncTime","matchType","matchVol","matchPrice","accumulatedVolume","createdAt","updatedAt"
162089764,"VPH","1704181494","unknown","1100","8320","120600","2024-01-02T07:45:06.580Z","2024-01-02T07:45:06.580Z"
162087459,"VPH","1704180565","s","100","8320","120600","2024-01-02T07:29:37.559Z","2024-01-02T07:29:37.559Z"
162077740,"VPH","1704180435","b","300","8350","120500","2024-01-02T07:27:27.552Z","2024-01-02T07:27:27.552Z"
162067950,"VPH","1704180314","s","500","8320","119700","2024-01-02T07:25:27.555Z","2024-01-02T07:25:27.555Z"
162059224,"VPH","1704180214","s","500","8320","119200","2024-01-02T07:23:46.543Z","2024-01-02T07:23:46.543Z"
162033721,"VPH","1704179624","s","100","8320","119200","2024-01-02T07:13:56.548Z","2024-01-02T07:13:56.548Z"
162019255,"VPH","1704179074","b","100","8400","119000","2024-01-02T07:04:47.525Z","2024-01-02T07:04:47.525Z"
162014361,"VPH","1704178935","s","1000","8300","119000","2024-01-02T07:02:27.525Z","2024-01-02T07:02:27.525Z"
162014360,"VPH","1704178935","s","100","8300","119000","2024-01-02T07:02:27.525Z","2024-01-02T07:02:27.525Z"
162014359,"VPH","1704178935","s","6000","8300","119000","2024-01-02T07:02:27.525Z","2024-01-02T07:02:27.525Z"
162014356,"VPH","1704178935","s","600","8300","99000","2024-01-02T07:02:27.525Z","2024-01-02T07:02:27.525Z"
162014355,"VPH","1704178935","s","9900","8310","99000","2024-01-02T07:02:27.525Z","2024-01-02T07:02:27.525Z"
162014354,"VPH","1704178935","s","1100","8320","99000","2024-01-02T07:02:27.525Z","2024-01-02T07:02:27.525Z"
162014353,"VPH","1704178935","s","500","8320","99000","2024-01-02T07:02:27.525Z","2024-01-02T07:02:27.525Z"
162014352,"VPH","1704178935","s","600","8320","99000","2024-01-02T07:02:27.525Z","2024-01-02T07:02:27.525Z"
162014351,"VPH","1704178935","s","100","8320","99000","2024-01-02T07:02:27.525Z","2024-01-02T07:02:27.525Z"
162014350,"VPH","1704178935","s","100","8320","99000","2024-01-02T07:02:27.525Z","2024-01-02T07:02:27.525Z"
161995699,"VPH","1704178248","b","200","8350","98800","2024-01-02T06:50:59.547Z","2024-01-02T06:50:59.547Z"
161992160,"VPH","1704178144","b","500","8350","98300","2024-01-02T06:49:16.505Z","2024-01-02T06:49:16.505Z"
161982737,"VPH","1704177899","b","300","8350","98300","2024-01-02T06:45:12.523Z","2024-01-02T06:45:12.523Z"
161982066,"VPH","1704177868","s","300","8320","97700","2024-01-02T06:44:39.503Z","2024-01-02T06:44:39.503Z"
161963132,"VPH","1704177115","s","100","8310","97300","2024-01-02T06:32:07.488Z","2024-01-02T06:32:07.488Z"
161963131,"VPH","1704177115","s","300","8320","97300","2024-01-02T06:32:07.488Z","2024-01-02T06:32:07.488Z"
161955898,"VPH","1704176723","s","200","8310","96700","2024-01-02T06:25:35.486Z","2024-01-02T06:25:35.486Z"
161955897,"VPH","1704176723","s","300","8320","96700","2024-01-02T06:25:35.486Z","2024-01-02T06:25:35.486Z"
161955896,"VPH","1704176723","s","100","8320","96700","2024-01-02T06:25:35.486Z","2024-01-02T06:25:35.486Z"
161952496,"VPH","1704176553","b","9400","8400","85000","2024-01-02T06:22:44.492Z","2024-01-02T06:22:44.492Z"
161952495,"VPH","1704176553","b","700","8400","85000","2024-01-02T06:22:44.492Z","2024-01-02T06:22:44.492Z"
161952494,"VPH","1704176553","b","500","8390","85000","2024-01-02T06:22:44.492Z","2024-01-02T06:22:44.492Z"
161952493,"VPH","1704176553","b","1100","8320","85000","2024-01-02T06:22:44.492Z","2024-01-02T06:22:44.492Z"
161952410,"VPH","1704176550","s","200","8320","84800","2024-01-02T06:22:42.492Z","2024-01-02T06:22:42.492Z"
161951874,"VPH","1704176524","s","1000","8320","84800","2024-01-02T06:22:16.485Z","2024-01-02T06:22:16.485Z"
161951873,"VPH","1704176524","s","100","8320","84800","2024-01-02T06:22:16.485Z","2024-01-02T06:22:16.485Z"
161951872,"VPH","1704176524","s","100","8320","84800","2024-01-02T06:22:16.485Z","2024-01-02T06:22:16.485Z"
161951871,"VPH","1704176524","s","300","8320","84800","2024-01-02T06:22:16.485Z","2024-01-02T06:22:16.485Z"
161947010,"VPH","1704176315","s","100","8320","83300","2024-01-02T06:18:47.490Z","2024-01-02T06:18:47.490Z"
161945745,"VPH","1704176269","s","100","8320","83100","2024-01-02T06:18:01.480Z","2024-01-02T06:18:01.480Z"
161924837,"VPH","1704175410","b","100","8400","83100","2024-01-02T06:03:42.475Z","2024-01-02T06:03:42.475Z"
161924836,"VPH","1704175410","b","200","8400","83100","2024-01-02T06:03:42.475Z","2024-01-02T06:03:42.475Z"
161922082,"VPH","1704175303","s","400","8300","82800","2024-01-02T06:01:55.477Z","2024-01-02T06:01:55.477Z"
161922081,"VPH","1704175303","s","100","8300","82800","2024-01-02T06:01:55.477Z","2024-01-02T06:01:55.477Z"
161922080,"VPH","1704175303","s","400","8300","82800","2024-01-02T06:01:55.477Z","2024-01-02T06:01:55.477Z"
161922079,"VPH","1704175303","s","500","8300","82800","2024-01-02T06:01:55.477Z","2024-01-02T06:01:55.477Z"
161922078,"VPH","1704175303","s","4500","8300","82800","2024-01-02T06:01:55.477Z","2024-01-02T06:01:55.477Z"
161922077,"VPH","1704175303","s","100","8310","82800","2024-01-02T06:01:55.477Z","2024-01-02T06:01:55.477Z"
161921722,"VPH","1704175282","s","3400","8300","70800","2024-01-02T06:01:34.478Z","2024-01-02T06:01:34.478Z"
161921721,"VPH","1704175282","s","300","8320","70800","2024-01-02T06:01:34.478Z","2024-01-02T06:01:34.478Z"
161921720,"VPH","1704175282","s","700","8320","70800","2024-01-02T06:01:34.478Z","2024-01-02T06:01:34.478Z"
161921719,"VPH","1704175282","s","500","8330","70800","2024-01-02T06:01:34.478Z","2024-01-02T06:01:34.478Z"
161921718,"VPH","1704175282","s","1000","8330","70800","2024-01-02T06:01:34.478Z","2024-01-02T06:01:34.478Z"
161921717,"VPH","1704175282","s","100","8340","70800","2024-01-02T06:01:34.478Z","2024-01-02T06:01:34.478Z"
161920420,"VPH","1704175215","s","200","8390","70800","2024-01-02T06:00:27.520Z","2024-01-02T06:00:27.520Z"
161915830,"VPH","1704175192","s","800","8390","69300","2024-01-02T06:00:04.646Z","2024-01-02T06:00:04.646Z"
161915829,"VPH","1704175192","s","500","8390","69300","2024-01-02T06:00:04.646Z","2024-01-02T06:00:04.646Z"
161912555,"VPH","1704169657","b","2300","8400","69300","2024-01-02T04:27:49.409Z","2024-01-02T04:27:49.409Z"
161912554,"VPH","1704169657","b","1000","8400","69300","2024-01-02T04:27:49.409Z","2024-01-02T04:27:49.409Z"
161909943,"VPH","1704169547","b","100","8400","66000","2024-01-02T04:25:59.404Z","2024-01-02T04:25:59.404Z"
161903347,"VPH","1704169315","b","1000","8400","65900","2024-01-02T04:22:07.396Z","2024-01-02T04:22:07.396Z"
161897144,"VPH","1704169110","b","300","8400","53900","2024-01-02T04:18:42.409Z","2024-01-02T04:18:42.409Z"
161897143,"VPH","1704169110","b","1700","8400","53900","2024-01-02T04:18:42.409Z","2024-01-02T04:18:42.409Z"
161897142,"VPH","1704169110","b","9000","8400","53900","2024-01-02T04:18:42.409Z","2024-01-02T04:18:42.409Z"
161857164,"VPH","1704168119","b","200","8400","53700","2024-01-02T04:02:11.379Z","2024-01-02T04:02:11.379Z"
161830856,"VPH","1704167695","b","200","8400","53700","2024-01-02T03:55:07.397Z","2024-01-02T03:55:07.397Z"
161817857,"VPH","1704167492","b","1000","8400","53500","2024-01-02T03:51:43.390Z","2024-01-02T03:51:43.390Z"
161817080,"VPH","1704167447","b","200","8400","52500","2024-01-02T03:50:59.368Z","2024-01-02T03:50:59.368Z"
161812575,"VPH","1704167166","b","1800","8400","52300","2024-01-02T03:46:18.375Z","2024-01-02T03:46:18.375Z"
161800457,"VPH","1704166599","s","500","8390","50000","2024-01-02T03:36:51.356Z","2024-01-02T03:36:51.356Z"
161797244,"VPH","1704166473","s","2100","8300","43000","2024-01-02T03:34:45.363Z","2024-01-02T03:34:45.363Z"
161797243,"VPH","1704166473","s","900","8300","43000","2024-01-02T03:34:45.363Z","2024-01-02T03:34:45.363Z"
161797242,"VPH","1704166473","s","200","8310","43000","2024-01-02T03:34:45.363Z","2024-01-02T03:34:45.363Z"
161797241,"VPH","1704166473","s","100","8310","43000","2024-01-02T03:34:45.363Z","2024-01-02T03:34:45.363Z"
161797240,"VPH","1704166473","s","400","8310","43000","2024-01-02T03:34:45.363Z","2024-01-02T03:34:45.363Z"
161797239,"VPH","1704166473","s","300","8310","43000","2024-01-02T03:34:45.363Z","2024-01-02T03:34:45.363Z"
161797238,"VPH","1704166473","s","3000","8310","43000","2024-01-02T03:34:45.363Z","2024-01-02T03:34:45.363Z"
161790392,"VPH","1704166255","s","7000","8310","43000","2024-01-02T03:31:07.347Z","2024-01-02T03:31:07.347Z"
161790391,"VPH","1704166255","s","4500","8330","43000","2024-01-02T03:31:07.347Z","2024-01-02T03:31:07.347Z"
161789545,"VPH","1704166218","s","5500","8330","31500","2024-01-02T03:30:29.345Z","2024-01-02T03:30:29.345Z"
161789544,"VPH","1704166218","s","500","8340","31500","2024-01-02T03:30:29.345Z","2024-01-02T03:30:29.345Z"
161789229,"VPH","1704166202","s","5000","8400","18500","2024-01-02T03:30:14.404Z","2024-01-02T03:30:14.404Z"
161789228,"VPH","1704166202","s","2000","8400","18500","2024-01-02T03:30:14.404Z","2024-01-02T03:30:14.404Z"
161785527,"VPH","1704166045","s","1000","8400","14500","2024-01-02T03:27:36.367Z","2024-01-02T03:27:36.367Z"
161785526,"VPH","1704166045","s","3000","8400","14500","2024-01-02T03:27:36.367Z","2024-01-02T03:27:36.367Z"
161785525,"VPH","1704166045","s","200","8410","14500","2024-01-02T03:27:36.367Z","2024-01-02T03:27:36.367Z"
161785524,"VPH","1704166045","s","300","8410","14500","2024-01-02T03:27:36.367Z","2024-01-02T03:27:36.367Z"
161785523,"VPH","1704166045","s","500","8410","14500","2024-01-02T03:27:36.367Z","2024-01-02T03:27:36.367Z"
161785522,"VPH","1704166045","s","400","8410","14500","2024-01-02T03:27:36.367Z","2024-01-02T03:27:36.367Z"
161785521,"VPH","1704166045","s","1300","8410","14500","2024-01-02T03:27:36.367Z","2024-01-02T03:27:36.367Z"
161785520,"VPH","1704166045","s","600","8420","14500","2024-01-02T03:27:36.367Z","2024-01-02T03:27:36.367Z"
161785519,"VPH","1704166045","s","1000","8420","14500","2024-01-02T03:27:36.367Z","2024-01-02T03:27:36.367Z"
161785518,"VPH","1704166045","s","500","8420","14500","2024-01-02T03:27:36.367Z","2024-01-02T03:27:36.367Z"
161785517,"VPH","1704166045","s","200","8430","14500","2024-01-02T03:27:36.367Z","2024-01-02T03:27:36.367Z"
161785516,"VPH","1704166045","s","2800","8440","14500","2024-01-02T03:27:36.367Z","2024-01-02T03:27:36.367Z"
161785013,"VPH","1704166017","s","100","8440","6600","2024-01-02T03:27:09.339Z","2024-01-02T03:27:09.339Z"
161784665,"VPH","1704166003","s","100","8440","6500","2024-01-02T03:26:55.339Z","2024-01-02T03:26:55.339Z"
161784475,"VPH","1704165994","s","1000","8450","6500","2024-01-02T03:26:46.356Z","2024-01-02T03:26:46.356Z"
161716462,"VPH","1704162990","b","200","8500","5300","2024-01-02T02:36:42.313Z","2024-01-02T02:36:42.313Z"
161707125,"VPH","1704162551","s","200","8410","5100","2024-01-02T02:29:23.310Z","2024-01-02T02:29:23.310Z"
161695524,"VPH","1704162078","b","900","8510","4200","2024-01-02T02:21:30.302Z","2024-01-02T02:21:30.302Z"
161694743,"VPH","1704162051","b","1000","8510","3200","2024-01-02T02:21:03.307Z","2024-01-02T02:21:03.307Z"
161689060,"VPH","1704161860","b","2000","8510","3200","2024-01-02T02:17:52.299Z","2024-01-02T02:17:52.299Z"
