"price","change","match_qtty","side","time","total_vol"
32350,0,1400,"sd","09:15:08",1400
32400,50,1000,"sd","09:15:30",2400
32400,50,500,"sd","09:15:46",2900
32350,0,1000,"sd","09:15:48",3900
32400,50,2000,"sd","09:16:32",5900
32400,50,2000,"bu","09:16:55",7900
32450.000000000004,100,500,"sd","09:17:35",8400
32400,50,5000,"bu","09:17:38",13400
32450.000000000004,100,10000,"bu","09:17:56",23400
32450.000000000004,100,500,"sd","09:18:03",23900
32450.000000000004,100,1100,"bu","09:18:05",25000
32450.000000000004,100,500,"sd","09:18:13",25500
32500,150,100,"bu","09:19:14",25600
32450.000000000004,100,2000,"sd","09:19:29",27600
32500,150,200,"bu","09:19:54",27800
32500,150,1200,"bu","09:20:23",29000
32500,150,200,"bu","09:20:28",29200
32500,150,500,"sd","09:20:52",29700
32500,150,700,"bu","09:20:58",30400
32500,150,100,"bu","09:21:14",30500
32500,150,3300,"bu","09:21:28",33800
32500,150,6800,"bu","09:21:45",40600
32500,150,500,"bu","09:21:46",41100
32500,150,1500,"sd","09:21:53",42600
32500,150,1000,"bu","09:23:19",43600
32549.999999999996,200,2000,"sd","09:23:43",45600
32549.999999999996,200,100,"bu","09:23:44",45700
32500,150,900,"bu","09:24:08",46600
32549.999999999996,200,100,"sd","09:24:32",46700
32549.999999999996,200,5000,"sd","09:24:37",51700
32549.999999999996,200,800,"bu","09:24:46",52500
32549.999999999996,200,1800,"bu","09:24:53",54300
32549.999999999996,200,1200,"bu","09:24:59",55500
32549.999999999996,200,600,"sd","09:25:16",56100
32500,150,1000,"bu","09:25:40",57100
32549.999999999996,200,100,"bu","09:25:44",57200
32549.999999999996,200,500,"bu","09:25:51",57700
32549.999999999996,200,500,"sd","09:26:18",58200
32549.999999999996,200,1100,"bu","09:26:51",59300
32549.999999999996,200,800,"bu","09:26:52",60100
32549.999999999996,200,5000,"bu","09:27:13",65100
32549.999999999996,200,1800,"sd","09:27:23",66900
32500,150,6000,"sd","09:27:33",72900
32500,150,1000,"bu","09:28:08",73900
32549.999999999996,200,1000,"sd","09:28:09",74900
32500,150,8000,"bu","09:28:15",82900
32500,150,100,"sd","09:28:16",83000
32500,150,10000,"bu","09:28:30",93000
32500,150,200,"sd","09:28:38",93200
32549.999999999996,200,1000,"bu","09:28:39",94200
32500,150,1000,"sd","09:28:42",95200
32500,150,600,"sd","09:28:49",96200
32500,150,100,"sd","09:29:29",96300
32500,150,1700,"bu","09:29:45",98000
32500,150,1100,"sd","09:29:50",99100
32549.999999999996,200,1000,"sd","09:30:04",100100
32549.999999999996,200,100,"bu","09:32:19",100200
32500,150,500,"sd","09:32:42",100700
32450.000000000004,100,2200,"bu","09:33:01",102900
32450.000000000004,100,500,"sd","09:33:09",103400
32450.000000000004,100,100,"bu","09:33:26",103500
32450.000000000004,100,1000,"sd","09:33:41",104500
32400,50,500,"sd","09:33:51",105000
32400,50,2300,"sd","09:33:59",107300
32400,50,100,"sd","09:34:00",112300
32400,50,1000,"sd","09:34:03",113300
32400,50,100,"bu","09:34:29",113400
32350,0,1000,"sd","09:34:39",114400
32400,50,300,"bu","09:34:40",114700
32400,50,1000,"bu","09:34:51",115700
32400,50,100,"bu","09:35:02",115800
32350,0,1000,"bu","09:35:07",116800
32350,0,3000,"bu","09:35:32",119800
32350,0,20000,"sd","09:35:34",139800
32350,0,3700,"sd","09:36:38",143500
32350,0,100,"sd","09:36:40",143600
32350,0,700,"sd","09:36:45",144300
32350,0,200,"bu","09:36:46",144500
32350,0,400,"bu","09:37:10",144900
32400,50,1000,"bu","09:37:22",145900
32400,50,300,"sd","09:38:51",146200
32400,50,5000,"bu","09:39:07",151200
32400,50,100,"sd","09:39:12",151300
32350,0,500,"bu","09:41:08",151800
32350,0,100,"sd","09:42:16",151900
32350,0,1000,"sd","09:42:25",152900
32350,0,100,"sd","09:43:41",153000
32400,50,300,"bu","09:44:40",153300
32400,50,100,"bu","09:44:46",153400
32350,0,300,"bu","09:45:17",153700
32350,0,500,"bu","09:46:17",154200
32400,50,200,"sd","09:46:33",154400
32350,0,2000,"sd","09:47:21",156400
32350,0,2700,"sd","09:47:45",159100
32350,0,55000,"bu","09:48:22",214100
32350,0,200,"sd","09:50:03",214300
32350,0,7400,"bu","09:50:41",221700
32350,0,300,"sd","09:51:38",222000
32299.999999999996,-50,9200,"bu","09:52:11",231200
32299.999999999996,-50,100,"sd","09:52:43",231300
32299.999999999996,-50,2000,"sd","09:52:44",233300
32350,0,1000,"bu","09:52:54",234300
32350,0,500,"sd","09:53:34",234800
32350,0,200,"bu","09:53:53",235000
32350,0,700,"bu","09:54:57",235700
32350,0,600,"bu","09:55:02",236300
32350,0,2000,"bu","09:56:25",238300
32350,0,1400,"bu","09:56:38",239700
32350,0,2000,"bu","09:57:25",241700
32350,0,100,"bu","09:58:32",241800
32350,0,2000,"bu","09:58:52",243800
32350,0,300,"sd","09:59:01",244100
32350,0,300,"bu","09:59:21",244400
32350,0,1000,"bu","09:59:22",245400
32350,0,500,"bu","09:59:52",245900
32350,0,100,"sd","10:00:54",246000
32350,0,600,"sd","10:00:57",246600
32350,0,100,"sd","10:02:02",246700
32350,0,15100,"sd","10:03:09",261800
32350,0,7100,"sd","10:03:15",268900
32350,0,3500,"sd","10:03:48",272400
32350,0,100,"bu","10:03:52",272500
32350,0,200,"bu","10:03:54",272700
32350,0,100,"bu","10:03:57",272800
32350,0,900,"bu","10:04:07",273700
32350,0,500,"bu","10:04:32",274200
32350,0,600,"bu","10:04:42",274800
32350,0,10000,"bu","10:04:52",284800
32350,0,400,"bu","10:05:33",285200
32350,0,1000,"bu","10:05:54",286200
32350,0,500,"bu","10:06:10",286700
32299.999999999996,-50,4200,"sd","10:06:15",290900
32350,0,400,"bu","10:06:39",291300
32299.999999999996,-50,400,"bu","10:06:52",291700
32350,0,1400,"sd","10:07:01",293100
32350,0,10000,"bu","10:07:38",303100
32350,0,800,"sd","10:07:39",303900
32350,0,300,"bu","10:07:48",304200
32299.999999999996,-50,4500,"sd","10:08:03",308700
32350,0,1000,"bu","10:08:26",309700
32350,0,10000,"sd","10:08:39",319700
32350,0,5000,"bu","10:08:42",324700
32350,0,1000,"sd","10:08:44",325700
32350,0,1400,"bu","10:09:47",327100
32350,0,2300,"sd","10:10:00",329400
32350,0,2500,"bu","10:10:02",331900
32350,0,800,"sd","10:10:08",332700
32350,0,1500,"sd","10:10:12",334200
32350,0,1000,"sd","10:10:14",335200
32350,0,3000,"sd","10:10:17",338200
32350,0,300,"sd","10:10:22",338500
32350,0,500,"bu","10:10:26",339000
32350,0,1000,"sd","10:10:29",340000
32350,0,200,"sd","10:10:46",340200
32350,0,1000,"bu","10:10:56",341200
32350,0,1100,"bu","10:11:02",342300
32350,0,2000,"sd","10:11:12",344300
32350,0,400,"sd","10:11:15",344700
32350,0,200,"bu","10:11:37",344900
32350,0,500,"bu","10:11:59",345400
32350,0,1100,"sd","10:13:47",346500
32350,0,400,"bu","10:14:06",346900
32350,0,100,"bu","10:14:12",347000
32350,0,700,"sd","10:14:20",347700
32350,0,500,"bu","10:14:42",348200
32350,0,3900,"bu","10:15:00",352100
32350,0,2500,"sd","10:16:12",354600
32350,0,100,"bu","10:16:50",354700
32299.999999999996,-50,46000,"bu","10:16:54",400700
32350,0,3000,"sd","10:17:11",403700
32299.999999999996,-50,4000,"sd","10:17:20",407700
32299.999999999996,-50,100,"bu","10:17:54",407800
32299.999999999996,-50,1300,"bu","10:18:03",409100
32299.999999999996,-50,300,"sd","10:20:20",409400
32299.999999999996,-50,3000,"sd","10:20:34",412400
32299.999999999996,-50,1000,"bu","10:21:01",413400
32299.999999999996,-50,1200,"bu","10:22:55",414600
32299.999999999996,-50,1000,"sd","10:22:59",415600
32299.999999999996,-50,1600,"sd","10:23:24",417200
32299.999999999996,-50,3000,"bu","10:23:45",420200
32299.999999999996,-50,100,"bu","10:24:00",420300
32299.999999999996,-50,5600,"bu","10:25:16",425900
32350,0,100,"sd","10:26:23",426000
32299.999999999996,-50,500,"bu","10:26:34",426500
32350,0,100,"bu","10:26:35",426600
32299.999999999996,-50,200,"bu","10:26:39",426800
32299.999999999996,-50,1000,"bu","10:27:08",427800
32299.999999999996,-50,100,"sd","10:27:36",427900
32299.999999999996,-50,1000,"bu","10:27:54",428900
32299.999999999996,-50,2000,"bu","10:28:15",430900
32299.999999999996,-50,300,"bu","10:28:43",431200
32299.999999999996,-50,800,"bu","10:29:06",432000
32350,0,100,"sd","10:29:23",432100
32299.999999999996,-50,400,"bu","10:29:27",432500
32299.999999999996,-50,4000,"sd","10:29:50",436500
32350,0,2000,"bu","10:29:52",438500
32299.999999999996,-50,1500,"bu","10:30:03",440000
32299.999999999996,-50,2000,"sd","10:30:43",442000
32299.999999999996,-50,6600,"bu","10:31:11",448600
32299.999999999996,-50,1000,"bu","10:31:56",449600
32299.999999999996,-50,3900,"sd","10:31:59",453500
32299.999999999996,-50,200,"sd","10:32:06",453700
32299.999999999996,-50,1000,"bu","10:32:27",454700
32299.999999999996,-50,100,"bu","10:32:57",454800
32299.999999999996,-50,1000,"sd","10:32:58",455800
32250,-100,1000,"bu","10:33:14",456800
32250,-100,6000,"bu","10:33:26",462800
32299.999999999996,-50,1000,"bu","10:33:45",463800
32299.999999999996,-50,500,"bu","10:34:27",464300
32299.999999999996,-50,100,"sd","10:34:35",464400
32250,-100,3000,"sd","10:36:00",467400
32250,-100,16000,"bu","10:36:20",483400
32250,-100,2000,"sd","10:36:22",485400
32250,-100,2200,"bu","10:36:30",487600
32250,-100,500,"sd","10:36:41",488100
32250,-100,6600,"sd","10:37:43",494700
32250,-100,300,"sd","10:37:45",495000
32250,-100,200,"bu","10:38:07",495200
32250,-100,600,"sd","10:38:15",495800
32200.000000000004,-150,4500,"sd","10:38:30",500300
32200.000000000004,-150,5000,"sd","10:38:40",505300
32200.000000000004,-150,10000,"bu","10:38:48",515300
32200.000000000004,-150,10000,"sd","10:38:58",525300
32200.000000000004,-150,1000,"sd","10:38:59",526300
32200.000000000004,-150,300,"sd","10:39:09",526600
32200.000000000004,-150,2200,"sd","10:39:13",528800
32200.000000000004,-150,10000,"sd","10:39:39",538800
32200.000000000004,-150,500,"bu","10:39:50",539300
32200.000000000004,-150,100,"sd","10:40:22",539400
32200.000000000004,-150,2000,"sd","10:40:23",541400
32200.000000000004,-150,600,"sd","10:40:27",542000
32200.000000000004,-150,300,"bu","10:40:28",542300
32200.000000000004,-150,2000,"sd","10:40:42",544300
32150,-200,1000,"sd","10:40:45",545300
32150,-200,10000,"bu","10:41:08",555300
32200.000000000004,-150,1000,"sd","10:41:28",556300
32150,-200,1700,"bu","10:41:34",558000
32150,-200,1000,"sd","10:42:14",559000
32150,-200,1600,"bu","10:42:32",560600
32200.000000000004,-150,300,"bu","10:42:45",560900
32200.000000000004,-150,100,"sd","10:43:39",561000
32200.000000000004,-150,500,"sd","10:43:58",561500
32200.000000000004,-150,1900,"bu","10:44:33",563400
32200.000000000004,-150,100,"sd","10:44:36",563500
32150,-200,500,"bu","10:44:46",564000
32200.000000000004,-150,2000,"bu","10:44:55",566000
32200.000000000004,-150,700,"bu","10:45:05",566700
32200.000000000004,-150,1300,"sd","10:45:09",568000
32150,-200,1000,"sd","10:45:12",569000
32200.000000000004,-150,100,"bu","10:45:14",569100
32200.000000000004,-150,1600,"sd","10:45:16",570700
32200.000000000004,-150,200,"sd","10:45:43",570900
32250,-100,500,"sd","10:47:14",571400
32250,-100,100,"bu","10:47:29",571500
32200.000000000004,-150,800,"sd","10:48:09",572300
32200.000000000004,-150,300,"sd","10:48:22",572600
32200.000000000004,-150,600,"bu","10:48:30",573200
32200.000000000004,-150,1000,"sd","10:48:39",574200
32200.000000000004,-150,100,"sd","10:48:46",574300
32200.000000000004,-150,500,"sd","10:49:03",574800
32200.000000000004,-150,100,"bu","10:49:24",574900
32200.000000000004,-150,500,"sd","10:49:35",575400
32200.000000000004,-150,7000,"sd","10:50:56",582400
32200.000000000004,-150,2000,"bu","10:51:05",584400
32200.000000000004,-150,100,"bu","10:51:19",584500
32200.000000000004,-150,4400,"bu","10:51:36",588900
32200.000000000004,-150,800,"bu","10:51:51",589700
32200.000000000004,-150,3300,"bu","10:52:00",593000
32200.000000000004,-150,500,"bu","10:52:56",593500
32200.000000000004,-150,3500,"bu","10:54:07",597000
32200.000000000004,-150,200,"sd","10:54:40",597200
32150,-200,700,"bu","10:55:02",597900
32150,-200,100,"sd","10:55:14",598000
32200.000000000004,-150,800,"bu","10:56:01",598800
32200.000000000004,-150,1100,"sd","10:56:21",599900
32200.000000000004,-150,500,"sd","10:56:41",600400
32200.000000000004,-150,1800,"sd","10:57:39",602200
32200.000000000004,-150,17300,"sd","10:57:45",619500
32200.000000000004,-150,1000,"sd","10:58:26",620500
32200.000000000004,-150,2000,"sd","10:58:53",622500
32150,-200,31500,"bu","10:59:04",654000
32200.000000000004,-150,1000,"bu","10:59:24",655000
32200.000000000004,-150,200,"sd","10:59:51",655200
32200.000000000004,-150,1100,"bu","11:00:00",656300
32150,-200,500,"bu","11:00:18",656800
32200.000000000004,-150,500,"sd","11:00:20",657300
32200.000000000004,-150,1600,"bu","11:00:24",658900
32200.000000000004,-150,300,"sd","11:00:38",659200
32200.000000000004,-150,500,"bu","11:00:50",659700
32200.000000000004,-150,100,"sd","11:01:15",659800
32200.000000000004,-150,2300,"bu","11:01:17",662100
32200.000000000004,-150,2000,"bu","11:02:35",664100
32250,-100,5500,"sd","11:03:19",669600
32250,-100,2000,"sd","11:04:04",671600
32250,-100,4000,"sd","11:04:19",675600
32250,-100,500,"bu","11:04:56",676100
32250,-100,1000,"bu","11:05:13",677100
32250,-100,2000,"sd","11:05:42",679100
32250,-100,1000,"sd","11:05:52",680100
32250,-100,2000,"bu","11:05:55",682100
32250,-100,500,"sd","11:05:57",682600
32250,-100,2000,"bu","11:06:01",684600
32250,-100,1400,"sd","11:06:03",686000
32250,-100,100,"bu","11:07:18",686100
32250,-100,500,"bu","11:08:22",686600
32250,-100,1000,"sd","11:08:34",687600
32250,-100,5000,"bu","11:08:49",692600
32250,-100,3800,"bu","11:09:24",696400
32250,-100,2000,"bu","11:09:33",698400
32250,-100,800,"bu","11:09:54",699200
32250,-100,1500,"sd","11:10:09",700700
32200.000000000004,-150,4000,"bu","11:10:26",704700
32250,-100,200,"bu","11:11:39",704900
32200.000000000004,-150,19500,"sd","11:11:40",724400
32200.000000000004,-150,400,"bu","11:12:22",724800
32200.000000000004,-150,1100,"sd","11:12:30",725900
32200.000000000004,-150,1000,"bu","11:12:42",726900
32200.000000000004,-150,200,"bu","11:12:52",727100
32200.000000000004,-150,500,"sd","11:13:42",727600
32200.000000000004,-150,1300,"sd","11:13:45",728900
32200.000000000004,-150,200,"bu","11:14:21",729100
32200.000000000004,-150,500,"sd","11:14:40",729600
32200.000000000004,-150,300,"bu","11:15:34",729900
32200.000000000004,-150,200,"sd","11:16:12",730100
32200.000000000004,-150,2400,"bu","11:17:30",732500
32200.000000000004,-150,3000,"sd","11:19:16",735500
32200.000000000004,-150,500,"bu","11:20:09",736000
32200.000000000004,-150,600,"sd","11:21:10",736600
32200.000000000004,-150,100,"bu","11:21:18",736700
32200.000000000004,-150,2000,"sd","11:21:25",738700
32200.000000000004,-150,200,"bu","11:21:31",738900
32250,-100,100,"bu","11:22:31",739000
32200.000000000004,-150,2000,"bu","11:22:55",741000
32250,-100,300,"bu","11:23:49",741300
32250,-100,100,"sd","11:25:29",741400
32250,-100,2000,"sd","11:26:00",743400
32250,-100,200,"bu","11:26:37",743600
32250,-100,100,"bu","11:26:54",743700
32200.000000000004,-150,1000,"bu","11:27:41",744700
32200.000000000004,-150,2000,"bu","11:28:50",746700
32200.000000000004,-150,5700,"bu","11:29:01",752400
32250,-100,100,"bu","11:29:03",752500
32200.000000000004,-150,2600,"bu","13:00:20",755100
32200.000000000004,-150,100,"bu","13:00:20",755200
32250,-100,600,"sd","13:00:22",755800
32200.000000000004,-150,200,"bu","13:00:43",756000
32200.000000000004,-150,2800,"bu","13:00:52",758800
32200.000000000004,-150,2100,"bu","13:00:55",760900
32200.000000000004,-150,100,"bu","13:01:03",761000
32200.000000000004,-150,2600,"bu","13:01:33",763600
32200.000000000004,-150,4200,"bu","13:02:05",767800
32200.000000000004,-150,1500,"sd","13:02:43",769300
32200.000000000004,-150,1300,"bu","13:03:09",770600
32200.000000000004,-150,4400,"bu","13:03:14",775000
32200.000000000004,-150,600,"bu","13:03:37",775600
32200.000000000004,-150,400,"bu","13:03:49",776000
32200.000000000004,-150,100,"sd","13:04:45",776100
32200.000000000004,-150,300,"bu","13:05:00",776400
32200.000000000004,-150,100,"bu","13:05:15",776500
32200.000000000004,-150,3000,"sd","13:06:38",779500
32150,-200,1000,"sd","13:06:43",780500
32150,-200,2200,"bu","13:07:06",782700
32200.000000000004,-150,2000,"sd","13:08:05",784700
32150,-200,100,"bu","13:08:10",784800
32150,-200,400,"bu","13:09:28",785200
32200.000000000004,-150,100,"bu","13:09:34",785300
32200.000000000004,-150,200,"sd","13:09:43",785500
32200.000000000004,-150,100,"bu","13:10:24",785600
32200.000000000004,-150,400,"bu","13:10:40",786000
32150,-200,1500,"sd","13:12:07",787500
32200.000000000004,-150,500,"sd","13:12:21",788000
32150,-200,3000,"bu","13:12:35",791000
32150,-200,1000,"sd","13:12:48",792000
32150,-200,1500,"bu","13:13:14",793500
32150,-200,2000,"bu","13:13:37",795500
32150,-200,1300,"sd","13:14:05",796800
32150,-200,600,"sd","13:14:10",797400
32150,-200,200,"bu","13:14:19",797600
32200.000000000004,-150,300,"bu","13:14:49",797900
32200.000000000004,-150,100,"bu","13:14:57",798000
32200.000000000004,-150,200,"bu","13:15:13",798200
32200.000000000004,-150,100,"bu","13:15:22",798300
32150,-200,23000,"bu","13:15:42",821300
32200.000000000004,-150,100,"bu","13:15:55",821400
32150,-200,1500,"sd","13:16:18",822900
32150,-200,1000,"sd","13:16:26",823900
32150,-200,600,"bu","13:16:36",824500
32150,-200,300,"sd","13:16:41",824800
32200.000000000004,-150,3000,"sd","13:17:06",827800
32200.000000000004,-150,100,"sd","13:17:20",827900
32200.000000000004,-150,5700,"bu","13:18:01",833600
32200.000000000004,-150,500,"sd","13:18:13",834100
32200.000000000004,-150,100,"bu","13:18:18",834200
32200.000000000004,-150,6000,"bu","13:18:25",840200
32200.000000000004,-150,100,"bu","13:18:28",840300
32200.000000000004,-150,300,"sd","13:18:36",840600
32200.000000000004,-150,100,"bu","13:18:44",840700
32200.000000000004,-150,400,"bu","13:18:51",841100
32250,-100,200,"bu","13:20:33",841300
32250,-100,300,"bu","13:20:41",841600
32250,-100,400,"bu","13:21:10",842000
32250,-100,1600,"sd","13:21:26",843600
32250,-100,10000,"sd","13:21:41",853600
32250,-100,100,"bu","13:21:42",853700
32250,-100,200,"sd","13:21:46",853900
32250,-100,500,"sd","13:21:55",854400
32250,-100,2000,"bu","13:22:16",856400
32250,-100,4500,"sd","13:23:35",860900
32250,-100,5200,"bu","13:23:44",866100
32250,-100,2500,"bu","13:23:50",868600
32250,-100,100,"bu","13:24:16",868700
32250,-100,200,"sd","13:24:17",868900
32299.999999999996,-50,1000,"bu","13:24:51",869900
32299.999999999996,-50,500,"sd","13:25:40",870400
32250,-100,2000,"bu","13:25:54",872400
32299.999999999996,-50,500,"bu","13:26:31",872900
32250,-100,2000,"bu","13:26:36",874900
32250,-100,2000,"bu","13:27:19",876900
32250,-100,100,"bu","13:27:53",877000
32250,-100,400,"sd","13:28:13",877400
32250,-100,100,"bu","13:28:21",877500
32250,-100,1000,"bu","13:28:25",878500
32250,-100,300,"bu","13:28:54",878800
32250,-100,100,"sd","13:28:59",878900
32250,-100,500,"bu","13:30:06",879400
32299.999999999996,-50,1400,"sd","13:30:23",880800
32250,-100,400,"sd","13:30:28",881200
32299.999999999996,-50,100,"bu","13:30:47",881300
32250,-100,1500,"bu","13:31:00",882800
32250,-100,5000,"bu","13:31:34",887800
32250,-100,3000,"sd","13:31:39",890800
32250,-100,5000,"bu","13:31:47",895800
32250,-100,1000,"sd","13:31:55",896800
32250,-100,900,"sd","13:32:13",897700
32250,-100,4100,"bu","13:32:18",901800
32250,-100,100,"sd","13:32:23",901900
32250,-100,200,"bu","13:32:39",902100
32250,-100,1000,"sd","13:32:45",903100
32250,-100,2000,"sd","13:32:47",905100
32250,-100,2000,"bu","13:32:48",907100
32299.999999999996,-50,200,"bu","13:32:59",907300
32250,-100,5200,"bu","13:33:29",912500
32250,-100,200,"sd","13:34:02",912700
32250,-100,3700,"sd","13:34:40",916400
32250,-100,300,"bu","13:34:59",916700
32200.000000000004,-150,100,"sd","13:35:07",916800
32250,-100,300,"bu","13:35:21",917100
32250,-100,800,"sd","13:35:27",917900
32250,-100,200,"sd","13:35:34",918100
32200.000000000004,-150,100,"bu","13:36:02",918200
32200.000000000004,-150,200,"sd","13:36:23",918400
32250,-100,1000,"sd","13:36:27",919400
32250,-100,1000,"sd","13:37:01",920400
32250,-100,100,"bu","13:37:10",920500
32250,-100,400,"bu","13:37:56",920900
32250,-100,600,"sd","13:39:02",921500
32250,-100,2000,"bu","13:39:12",923500
32250,-100,300,"sd","13:39:20",923800
32250,-100,1000,"bu","13:39:38",924800
32250,-100,7100,"sd","13:39:40",931900
32250,-100,800,"bu","13:39:42",932700
32250,-100,600,"bu","13:39:46",933300
32250,-100,5500,"bu","13:40:45",938800
32250,-100,400,"bu","13:40:50",939200
32250,-100,2000,"bu","13:41:02",941200
32200.000000000004,-150,500,"sd","13:41:13",941700
32200.000000000004,-150,10000,"bu","13:41:25",951700
32200.000000000004,-150,3000,"bu","13:43:02",954700
32200.000000000004,-150,5000,"bu","13:44:17",959700
32250,-100,900,"bu","13:44:39",960600
32250,-100,9000,"bu","13:45:18",969600
32250,-100,100,"bu","13:45:59",969700
32250,-100,3000,"bu","13:46:14",972700
32250,-100,1000,"sd","13:46:22",973700
32250,-100,900,"sd","13:47:48",974600
32200.000000000004,-150,5000,"sd","13:51:11",979600
32250,-100,100,"sd","13:51:14",979700
32200.000000000004,-150,1000,"bu","13:51:28",980700
32200.000000000004,-150,400,"sd","13:51:46",981100
32200.000000000004,-150,100,"sd","13:52:07",981200
32200.000000000004,-150,300,"sd","13:52:42",981500
32200.000000000004,-150,1000,"sd","13:53:28",982500
32200.000000000004,-150,500,"sd","13:53:38",983000
32200.000000000004,-150,2800,"sd","13:53:48",985800
32200.000000000004,-150,300,"bu","13:53:52",986100
32200.000000000004,-150,500,"sd","13:54:07",986600
32200.000000000004,-150,5100,"bu","13:54:09",991700
32200.000000000004,-150,3200,"bu","13:54:22",994900
32200.000000000004,-150,400,"sd","13:54:32",995300
32200.000000000004,-150,1000,"sd","13:54:56",996300
32200.000000000004,-150,5000,"sd","13:56:01",1001300
32200.000000000004,-150,2000,"bu","13:56:17",1003300
32200.000000000004,-150,500,"bu","13:56:21",1003800
32200.000000000004,-150,1000,"bu","13:56:38",1004800
32200.000000000004,-150,16000,"sd","13:56:46",1020800
32200.000000000004,-150,1000,"bu","13:57:10",1021800
32200.000000000004,-150,600,"bu","13:57:14",1022400
32200.000000000004,-150,3000,"sd","13:58:19",1025400
32200.000000000004,-150,6000,"bu","13:58:46",1031400
32200.000000000004,-150,1800,"bu","13:58:52",1033200
32200.000000000004,-150,1000,"sd","13:58:54",1034200
32250,-100,300,"bu","13:59:20",1034500
32250,-100,100,"sd","14:00:00",1034600
32200.000000000004,-150,300,"sd","14:00:44",1034900
32250,-100,100,"bu","14:00:46",1035000
32250,-100,8400,"bu","14:01:22",1043400
32250,-100,10700,"bu","14:01:31",1054100
32200.000000000004,-150,2000,"bu","14:01:39",1056100
32250,-100,100,"sd","14:01:58",1056200
32250,-100,300,"bu","14:02:08",1056500
32250,-100,100,"bu","14:02:16",1056600
32250,-100,1000,"bu","14:02:52",1057600
32250,-100,100,"bu","14:02:53",1057700
32250,-100,2000,"sd","14:02:59",1059700
32250,-100,100,"sd","14:03:05",1059800
32250,-100,1000,"sd","14:03:08",1060800
32250,-100,100,"bu","14:03:49",1060900
32250,-100,400,"bu","14:04:21",1061300
32250,-100,3500,"sd","14:04:38",1064800
32250,-100,100,"bu","14:04:49",1064900
32250,-100,2500,"sd","14:05:02",1067400
32250,-100,5000,"sd","14:05:08",1072400
32250,-100,10000,"bu","14:05:14",1082400
32250,-100,1000,"sd","14:05:18",1083400
32250,-100,4200,"sd","14:05:20",1087600
32250,-100,200,"sd","14:06:39",1087800
32250,-100,2400,"bu","14:07:02",1090200
32250,-100,13700,"bu","14:08:07",1103900
32200.000000000004,-150,5200,"sd","14:08:11",1109100
32250,-100,500,"bu","14:08:38",1109600
32250,-100,800,"sd","14:09:15",1110400
32250,-100,2000,"bu","14:09:28",1112400
32250,-100,500,"sd","14:09:41",1112900
32250,-100,1500,"sd","14:10:28",1114400
32250,-100,20000,"bu","14:10:34",1134400
32299.999999999996,-50,500,"sd","14:10:37",1134900
32250,-100,800,"bu","14:10:45",1135700
32250,-100,200,"sd","14:11:07",1135900
32250,-100,300,"bu","14:11:09",1136200
32250,-100,2700,"sd","14:11:29",1138900
32299.999999999996,-50,500,"sd","14:11:59",1139400
32299.999999999996,-50,1000,"bu","14:12:34",1140400
32200.000000000004,-150,7000,"sd","14:12:41",1147400
32250,-100,500,"sd","14:13:07",1147900
32200.000000000004,-150,10400,"bu","14:13:15",1158300
32250,-100,700,"bu","14:13:37",1159000
32200.000000000004,-150,5000,"sd","14:14:24",1164000
32250,-100,4000,"bu","14:14:28",1168000
32250,-100,500,"bu","14:14:41",1168500
32250,-100,3300,"bu","14:15:14",1171800
32299.999999999996,-50,300,"sd","14:15:20",1172100
32250,-100,6000,"sd","14:16:31",1178100
32250,-100,5000,"bu","14:16:56",1183100
32250,-100,1000,"bu","14:17:09",1184100
32299.999999999996,-50,5000,"bu","14:18:17",1189100
32299.999999999996,-50,500,"bu","14:18:31",1189600
32250,-100,4000,"sd","14:18:39",1193600
32250,-100,1000,"sd","14:18:53",1194600
32250,-100,1800,"sd","14:18:58",1196400
32250,-100,1300,"bu","14:19:18",1197700
32250,-100,100,"bu","14:19:21",1197800
32200.000000000004,-150,5100,"sd","14:20:40",1202900
32250,-100,100,"sd","14:20:55",1203000
32250,-100,500,"bu","14:21:20",1203500
32250,-100,100,"sd","14:21:31",1203600
32200.000000000004,-150,5200,"sd","14:22:11",1208800
32250,-100,100,"bu","14:22:27",1208900
32250,-100,500,"sd","14:22:31",1209400
32250,-100,1500,"bu","14:22:38",1210900
32250,-100,700,"sd","14:22:42",1211600
32250,-100,100,"sd","14:22:46",1211700
32250,-100,300,"sd","14:22:51",1212000
32250,-100,1000,"bu","14:22:53",1213000
32299.999999999996,-50,3000,"bu","14:22:59",1216000
32299.999999999996,-50,700,"sd","14:23:47",1216700
32299.999999999996,-50,300,"sd","14:23:54",1217000
32250,-100,1000,"bu","14:24:19",1218000
32299.999999999996,-50,5000,"bu","14:24:30",1223000
32299.999999999996,-50,30000,"sd","14:24:36",1253000
32299.999999999996,-50,5000,"bu","14:24:52",1258000
32299.999999999996,-50,2600,"bu","14:24:54",1260600
32299.999999999996,-50,4800,"bu","14:24:56",1265400
32299.999999999996,-50,300,"sd","14:24:59",1265700
32299.999999999996,-50,5300,"sd","14:26:23",1271000
32299.999999999996,-50,200,"bu","14:26:28",1271200
32299.999999999996,-50,100,"sd","14:27:10",1271300
32350,0,1000,"bu","14:27:13",1272300
32350,0,500,"sd","14:27:18",1272800
32350,0,100,"bu","14:27:21",1272900
32299.999999999996,-50,5500,"bu","14:27:37",1278400
32400,50,70000,"sd","14:27:49",1348400
32299.999999999996,-50,300,"bu","14:28:01",1348700
32299.999999999996,-50,1000,"bu","14:28:42",1349700
32350,0,2000,"bu","14:28:47",1351700
32350,0,100,"bu","14:28:52",1351800
32350,0,1000,"bu","14:28:59",1352800
32350,0,1500,"bu","14:29:18",1354300
32350,0,5500,"bu","14:29:23",1359800
32350,0,500,"bu","14:29:35",1360300
32350,0,100,"bu","14:29:45",1360400
32350,0,1000,"bu","14:30:00",1361400
32400,50,54100,"bu","14:45:11",1415500
