"price","change","match_qtty","side","time","total_vol"
26600,100,38000,"sd","09:15:09",38000
26700,200,6000,"bu","09:15:58",44000
26700,200,200,"sd","09:16:10",44200
26650,150,100,"bu","09:16:29",44300
26700,200,600,"bu","09:16:38",44900
26650,150,200,"bu","09:16:40",45100
26650,150,1000,"sd","09:16:48",46100
26650,150,1900,"sd","09:16:55",48000
26650,150,200,"bu","09:17:02",48200
26650,150,1000,"bu","09:17:04",49200
26600,100,500,"sd","09:17:06",49700
26650,150,100,"bu","09:17:20",49800
26600,100,3000,"sd","09:17:21",52800
26600,100,100,"sd","09:17:23",52900
26600,100,1000,"bu","09:17:33",53900
26600,100,100,"bu","09:17:33",54000
26600,100,200,"sd","09:17:45",54200
26600,100,6000,"sd","09:18:03",60200
26600,100,2100,"bu","09:18:08",62300
26600,100,1000,"sd","09:18:12",63300
26600,100,4000,"bu","09:18:21",67300
26600,100,200,"bu","09:18:22",71400
26600,100,500,"bu","09:18:26",71900
26650,150,48000,"bu","09:18:28",119900
26600,100,500,"bu","09:18:46",120400
26600,100,300,"sd","09:18:49",120700
26600,100,1000,"sd","09:18:58",121700
26650,150,10100,"bu","09:19:12",131800
26650,150,400,"bu","09:19:23",132200
26600,100,6600,"sd","09:19:26",138800
26650,150,10000,"sd","09:19:29",148800
26650,150,2000,"sd","09:19:32",150800
26650,150,11000,"bu","09:19:35",161800
26650,150,500,"bu","09:19:39",162300
26650,150,200,"sd","09:19:40",162500
26650,150,5000,"sd","09:19:47",167500
26700,200,30000,"bu","09:20:25",197500
26700,200,1000,"sd","09:20:26",198500
26700,200,1500,"bu","09:20:33",200000
26700,200,100,"sd","09:20:53",200100
26700,200,900,"sd","09:21:03",201000
26700,200,100,"bu","09:21:07",201100
26700,200,1000,"bu","09:21:14",202100
26700,200,2000,"bu","09:21:15",204100
26700,200,600,"sd","09:21:20",204700
26700,200,500,"bu","09:21:26",205200
26750,250,500,"sd","09:21:39",205700
26700,200,2000,"bu","09:21:42",207700
26700,200,3000,"sd","09:22:02",210700
26700,200,8000,"sd","09:22:04",218700
26700,200,200,"bu","09:22:04",218900
26700,200,8000,"sd","09:22:10",226900
26700,200,1700,"bu","09:22:11",228600
26700,200,4000,"sd","09:22:12",232600
26700,200,600,"bu","09:22:13",233200
26700,200,400,"bu","09:22:14",233600
26700,200,3600,"bu","09:22:17",237200
26700,200,1900,"sd","09:22:18",239100
26700,200,4500,"bu","09:22:21",243600
26700,200,1000,"sd","09:22:23",244600
26700,200,1600,"sd","09:22:25",246200
26700,200,6500,"bu","09:22:26",252700
26700,200,1900,"bu","09:22:27",254600
26700,200,500,"sd","09:22:36",255100
26700,200,6600,"sd","09:22:40",261700
26700,200,10000,"sd","09:22:48",271700
26650,150,100,"bu","09:22:49",271800
26650,150,2100,"bu","09:23:03",273900
26650,150,1000,"sd","09:23:38",274900
26700,200,3000,"bu","09:23:45",277900
26650,150,300,"sd","09:23:55",278200
26650,150,1000,"bu","09:23:56",279200
26700,200,800,"bu","09:24:06",280000
26650,150,16200,"bu","09:24:10",296200
26650,150,2000,"bu","09:24:25",298200
26650,150,2100,"sd","09:24:45",300300
26700,200,500,"bu","09:24:56",300800
26700,200,100,"sd","09:25:07",300900
26700,200,20000,"bu","09:25:08",320900
26700,200,3800,"sd","09:25:12",324700
26700,200,700,"sd","09:25:13",325400
26700,200,1000,"bu","09:25:24",326400
26700,200,300,"sd","09:25:37",326700
26700,200,1000,"sd","09:25:41",327700
26700,200,3300,"bu","09:25:45",331000
26700,200,2000,"bu","09:25:49",333000
26700,200,15900,"bu","09:25:50",348900
26700,200,1300,"bu","09:25:55",350200
26700,200,3000,"sd","09:25:59",353200
26700,200,3900,"sd","09:26:04",357100
26700,200,100,"bu","09:26:06",357200
26700,200,2600,"bu","09:26:13",359800
26700,200,2000,"sd","09:26:20",361800
26750,250,1000,"sd","09:26:37",362800
26700,200,300,"bu","09:26:51",363100
26700,200,30000,"bu","09:26:53",393100
26750,250,10000,"bu","09:27:11",403100
26700,200,700,"sd","09:27:13",403800
26750,250,7900,"sd","09:27:13",411700
26750,250,7000,"sd","09:27:15",418700
26750,250,600,"bu","09:27:16",419300
26700,200,100,"bu","09:27:20",419400
26700,200,9000,"bu","09:27:23",428400
26750,250,600,"sd","09:27:25",429000
26750,250,2400,"bu","09:27:26",431400
26750,250,600,"sd","09:27:29",432000
26700,200,5000,"bu","09:27:30",437000
26750,250,2300,"sd","09:27:33",439300
26750,250,200,"sd","09:27:38",439500
26750,250,1100,"bu","09:27:41",440600
26750,250,200,"sd","09:27:42",440800
26750,250,100,"bu","09:27:42",440900
26750,250,3500,"bu","09:27:49",444400
26750,250,1000,"sd","09:27:52",445400
26700,200,100,"bu","09:27:55",445500
26750,250,8000,"sd","09:28:01",453500
26750,250,800,"sd","09:28:09",454500
26750,250,900,"sd","09:28:16",455400
26750,250,2000,"sd","09:28:21",457400
26750,250,1000,"bu","09:28:25",458400
26750,250,5000,"bu","09:28:36",463400
26750,250,19700,"bu","09:28:37",483100
26750,250,1000,"sd","09:28:43",484100
26750,250,2000,"bu","09:28:46",486100
26700,200,100,"bu","09:28:48",486200
26750,250,200,"bu","09:28:59",486400
26700,200,100,"bu","09:29:01",486500
26750,250,1000,"sd","09:29:04",487500
26750,250,500,"bu","09:29:05",488000
26750,250,1700,"sd","09:29:07",489700
26700,200,500,"bu","09:29:17",490200
26750,250,8500,"bu","09:29:17",498700
26750,250,5000,"sd","09:29:23",503700
26750,250,500,"bu","09:29:24",504200
26750,250,15000,"bu","09:29:28",519200
26750,250,1000,"sd","09:29:30",520200
26750,250,9500,"bu","09:29:31",529700
26750,250,100,"bu","09:29:34",529800
26750,250,9000,"sd","09:29:35",538800
26750,250,6000,"bu","09:29:38",544800
26750,250,300,"bu","09:29:39",545100
26750,250,20000,"sd","09:29:39",565100
26750,250,4400,"sd","09:29:43",569500
26750,250,5000,"bu","09:29:44",574500
26750,250,2000,"bu","09:29:49",576500
26750,250,300,"sd","09:29:49",576800
26750,250,700,"bu","09:29:54",577500
26750,250,1400,"bu","09:29:55",578900
26750,250,200,"bu","09:29:57",579100
26750,250,1000,"bu","09:29:59",580100
26750,250,4000,"bu","09:30:18",584100
26750,250,3000,"sd","09:30:19",587100
26750,250,100,"sd","09:30:20",587200
26750,250,1000,"sd","09:30:21",588200
26750,250,1500,"sd","09:30:24",589700
26750,250,2000,"bu","09:30:29",591700
26750,250,1000,"sd","09:30:30",592700
26750,250,100,"bu","09:30:32",592800
26750,250,39900,"bu","09:30:33",632700
26750,250,2000,"sd","09:30:37",634700
26750,250,35100,"bu","09:30:43",669800
26750,250,100,"bu","09:30:47",669900
26800,300,2100,"sd","09:30:51",672000
26750,250,500,"bu","09:30:52",672500
26750,250,700,"sd","09:30:58",673200
26750,250,800,"bu","09:30:59",674000
26750,250,200,"sd","09:31:06",674200
26750,250,100,"bu","09:31:09",674300
26750,250,700,"bu","09:31:12",675000
26800,300,200,"sd","09:31:20",675200
26800,300,500,"sd","09:31:35",675700
26800,300,300,"bu","09:31:46",676000
26800,300,20000,"bu","09:31:47",696000
26800,300,100,"bu","09:31:59",696100
26800,300,900,"bu","09:31:59",697000
26800,300,200,"bu","09:32:02",697200
26800,300,1300,"bu","09:32:05",698500
26800,300,3500,"sd","09:32:08",702000
26800,300,6100,"bu","09:32:16",708100
26800,300,1000,"sd","09:32:17",709100
26800,300,3500,"bu","09:32:28",712600
26800,300,400,"bu","09:32:33",713000
26750,250,2000,"bu","09:32:47",715000
26750,250,1000,"sd","09:33:03",716000
26750,250,300,"bu","09:33:06",716300
26750,250,5000,"sd","09:33:10",721300
26800,300,200,"sd","09:33:10",721500
26800,300,1000,"sd","09:33:32",722500
26750,250,1600,"bu","09:33:38",724100
26750,250,2000,"sd","09:33:42",726100
26800,300,4000,"sd","09:33:46",730100
26750,250,5000,"sd","09:33:50",735100
26750,250,100,"bu","09:33:51",735200
26750,250,500,"bu","09:33:52",735700
26750,250,1000,"bu","09:33:59",736700
26750,250,2000,"sd","09:34:01",738700
26750,250,100,"bu","09:34:21",738800
26750,250,2000,"sd","09:34:22",740800
26750,250,200,"bu","09:34:24",741000
26750,250,300,"sd","09:34:27",741300
26750,250,500,"bu","09:34:29",741800
26750,250,7100,"bu","09:34:33",748900
26750,250,30000,"sd","09:34:33",778900
26750,250,1900,"sd","09:34:35",780800
26750,250,300,"bu","09:34:38",781100
26750,250,500,"bu","09:34:39",781600
26750,250,700,"sd","09:34:44",782300
26750,250,1000,"sd","09:34:47",783300
26750,250,400,"bu","09:34:48",783700
26750,250,400,"bu","09:35:06",784100
26750,250,100,"sd","09:35:18",784200
26750,250,500,"sd","09:35:26",784700
26750,250,2000,"bu","09:35:27",786700
26700,200,15200,"sd","09:35:28",801900
26700,200,1000,"bu","09:35:40",802900
26700,200,500,"bu","09:35:46",803400
26700,200,500,"bu","09:35:48",803900
26700,200,300,"bu","09:36:02",804200
26700,200,200,"sd","09:36:12",804400
26700,200,1700,"sd","09:36:15",806100
26700,200,1000,"sd","09:36:21",807100
26700,200,9000,"sd","09:36:26",816100
26700,200,500,"bu","09:36:28",816600
26700,200,1000,"sd","09:36:32",817600
26700,200,1400,"sd","09:36:40",819000
26700,200,200,"bu","09:36:49",819200
26700,200,8000,"sd","09:36:55",827200
26700,200,1000,"bu","09:37:04",828200
26700,200,500,"bu","09:37:17",828700
26700,200,10000,"bu","09:37:21",838700
26700,200,100,"sd","09:37:26",838800
26700,200,2000,"bu","09:37:27",840800
26700,200,5000,"sd","09:37:31",845800
26700,200,20000,"sd","09:37:36",865800
26700,200,1000,"sd","09:37:40",866800
26700,200,10000,"bu","09:37:43",876800
26700,200,2100,"bu","09:37:50",878900
26700,200,4000,"sd","09:37:54",882900
26700,200,20000,"bu","09:37:55",902900
26700,200,1400,"sd","09:37:57",911900
26700,200,500,"sd","09:37:58",912400
26700,200,6300,"bu","09:38:01",918700
26700,200,8100,"sd","09:38:05",926800
26700,200,900,"bu","09:38:06",928100
26700,200,1000,"bu","09:38:08",929100
26700,200,10000,"bu","09:38:08",939100
26700,200,7100,"bu","09:38:11",946200
26700,200,300,"sd","09:38:13",946500
26700,200,6100,"bu","09:38:36",952600
26700,200,2200,"bu","09:38:37",954800
26700,200,12000,"bu","09:38:52",966800
26700,200,14000,"bu","09:38:55",980800
26650,150,200,"sd","09:39:06",981000
26650,150,100,"sd","09:39:17",981100
26700,200,13100,"sd","09:39:19",994200
26650,150,100,"bu","09:39:20",994300
26700,200,5000,"sd","09:39:32",999300
26700,200,500,"sd","09:39:46",999800
26700,200,100,"sd","09:39:47",999900
26650,150,300,"sd","09:39:48",1000200
26700,200,100,"sd","09:39:52",1000300
26700,200,20600,"sd","09:40:05",1020900
26650,150,700,"bu","09:40:08",1021600
26700,200,20000,"sd","09:40:16",1041600
26700,200,50500,"bu","09:40:25",1092100
26700,200,1000,"sd","09:40:48",1093100
26700,200,500,"bu","09:40:50",1093600
26700,200,1000,"sd","09:40:54",1094600
26700,200,8500,"sd","09:40:58",1103100
26700,200,2000,"bu","09:40:59",1105100
26700,200,4100,"bu","09:41:08",1109200
26700,200,5000,"sd","09:41:23",1114200
26700,200,2000,"sd","09:41:25",1116200
26700,200,5000,"bu","09:41:29",1121200
26700,200,1000,"bu","09:41:30",1122200
26750,250,1000,"sd","09:41:37",1123200
26750,250,500,"bu","09:41:43",1123700
26750,250,1000,"sd","09:41:46",1124700
26750,250,100,"bu","09:42:02",1124800
26700,200,10000,"bu","09:42:06",1134800
26700,200,600,"sd","09:42:10",1135400
26700,200,400,"sd","09:42:17",1135800
26700,200,5000,"sd","09:42:18",1140800
26750,250,9500,"sd","09:42:19",1150300
26700,200,200,"bu","09:42:50",1150500
26700,200,1000,"bu","09:42:54",1151500
26700,200,100,"sd","09:43:02",1151600
26700,200,2000,"bu","09:43:05",1153600
26700,200,300,"sd","09:43:13",1153900
26700,200,500,"sd","09:43:14",1154400
26700,200,10000,"sd","09:43:16",1164400
26700,200,4000,"bu","09:43:29",1168400
26700,200,5000,"bu","09:43:34",1173400
26700,200,1000,"bu","09:43:41",1174400
26700,200,2000,"bu","09:43:42",1176400
26700,200,48200,"sd","09:43:47",1224600
26650,150,500,"bu","09:43:48",1225100
26700,200,2800,"sd","09:43:52",1227900
26700,200,100,"sd","09:43:58",1228000
26650,150,1000,"sd","09:44:11",1229000
26700,200,4000,"bu","09:44:29",1233000
26700,200,20000,"sd","09:44:33",1253000
26700,200,400,"bu","09:44:40",1253400
26700,200,5000,"sd","09:44:41",1258400
26700,200,200,"bu","09:44:52",1258600
26650,150,600,"bu","09:45:03",1259200
26650,150,100,"bu","09:45:26",1259300
26650,150,200,"bu","09:45:46",1259500
26650,150,5000,"bu","09:46:13",1264500
26650,150,1100,"sd","09:46:25",1265600
26700,200,100,"sd","09:46:30",1265700
26650,150,1000,"bu","09:46:59",1266700
26650,150,100,"bu","09:47:13",1266800
26700,200,1600,"bu","09:47:32",1268400
26700,200,50000,"bu","09:47:39",1318400
26700,200,2000,"sd","09:47:43",1320400
26700,200,100,"bu","09:47:46",1320500
26700,200,500,"bu","09:47:48",1321000
26700,200,2200,"bu","09:47:53",1323200
26700,200,3000,"sd","09:47:55",1326200
26700,200,100,"bu","09:47:56",1326300
26700,200,2000,"sd","09:47:57",1328300
26700,200,200,"bu","09:47:59",1328500
26700,200,1000,"sd","09:48:00",1329500
26700,200,1200,"sd","09:48:03",1330700
26700,200,20000,"sd","09:48:03",1350700
26650,150,10000,"sd","09:48:06",1360700
26700,200,100,"bu","09:48:06",1360800
26700,200,5000,"bu","09:48:07",1365800
26700,200,1000,"sd","09:48:08",1366800
26700,200,500,"sd","09:48:10",1367300
26700,200,3000,"bu","09:48:12",1370300
26700,200,10000,"bu","09:48:13",1382300
26700,200,200,"sd","09:48:14",1398800
26700,200,4500,"sd","09:48:18",1403300
26700,200,500,"bu","09:48:26",1403800
26700,200,2100,"sd","09:48:27",1405900
26700,200,400,"sd","09:48:35",1406300
26700,200,100,"bu","09:48:41",1406400
26750,250,700,"bu","09:48:44",1407100
26700,200,1600,"bu","09:48:47",1408700
26700,200,500,"sd","09:48:50",1409200
26700,200,10000,"sd","09:48:56",1419200
26700,200,300,"bu","09:49:27",1419500
26700,200,500,"sd","09:49:50",1420000
26700,200,100,"bu","09:49:54",1420100
26700,200,400,"bu","09:50:05",1420500
26750,250,20000,"sd","09:50:25",1440500
26700,200,900,"sd","09:50:32",1441400
26700,200,100,"bu","09:50:44",1441500
26700,200,2600,"bu","09:50:51",1444100
26700,200,500,"bu","09:50:55",1444600
26700,200,2500,"bu","09:51:15",1447100
26700,200,900,"bu","09:51:31",1448000
26700,200,1000,"bu","09:51:37",1449000
26750,250,600,"bu","09:51:43",1449600
26750,250,10000,"bu","09:51:56",1459600
26750,250,200,"bu","09:51:59",1459800
26750,250,300,"bu","09:52:01",1460100
26750,250,8800,"sd","09:52:15",1468900
26750,250,2000,"bu","09:52:20",1470900
26700,200,100,"sd","09:52:30",1471000
26750,250,800,"sd","09:52:35",1471800
26750,250,400,"bu","09:52:40",1472200
26750,250,5000,"bu","09:52:46",1477200
26700,200,100,"bu","09:52:48",1477300
26750,250,400,"sd","09:53:08",1477700
26750,250,5000,"bu","09:53:13",1482700
26700,200,1000,"sd","09:53:13",1483700
26700,200,2000,"bu","09:53:30",1485700
26700,200,100,"bu","09:53:39",1485800
26700,200,1300,"sd","09:53:49",1487100
26750,250,5000,"sd","09:53:52",1492100
26700,200,8000,"bu","09:54:12",1500100
26750,250,3000,"bu","09:54:14",1503100
26750,250,4000,"sd","09:54:15",1507100
26700,200,2000,"sd","09:54:23",1509100
26700,200,500,"sd","09:54:28",1509600
26700,200,200,"bu","09:54:30",1509800
26700,200,500,"bu","09:54:39",1510300
26750,250,200,"sd","09:54:47",1510500
26750,250,500,"sd","09:54:50",1511000
26750,250,100000,"bu","09:54:54",1611000
26700,200,11800,"bu","09:55:03",1622800
26750,250,100,"bu","09:55:08",1622900
26750,250,1400,"sd","09:55:37",1624300
26750,250,10000,"sd","09:55:42",1634300
26750,250,21200,"bu","09:55:47",1655500
26750,250,400,"bu","09:55:48",1655900
26750,250,10000,"sd","09:55:49",1665900
26750,250,50000,"sd","09:55:51",1715900
26750,250,7000,"bu","09:55:53",1722900
26750,250,300,"bu","09:55:54",1723200
26750,250,5000,"sd","09:55:57",1728200
26750,250,1000,"sd","09:56:03",1729200
26750,250,1000,"sd","09:56:08",1730200
26750,250,300,"sd","09:56:10",1730500
26750,250,500,"sd","09:56:14",1731000
26750,250,3000,"sd","09:56:25",1734000
26750,250,100,"sd","09:56:31",1734100
26750,250,500,"bu","09:56:37",1734600
26750,250,100,"sd","09:56:38",1734700
26750,250,2000,"sd","09:56:40",1736700
26750,250,100,"sd","09:56:43",1736800
26750,250,2100,"sd","09:56:54",1738900
26750,250,100,"sd","09:57:00",1739000
26750,250,3000,"sd","09:57:05",1742000
26750,250,500,"sd","09:57:10",1742500
26750,250,100,"bu","09:57:31",1742600
26750,250,3200,"bu","09:57:35",1745800
26750,250,1000,"sd","09:57:42",1746800
26750,250,100,"sd","09:57:44",1746900
26750,250,1100,"sd","09:58:01",1748000
26800,300,20000,"sd","09:58:15",1768000
26750,250,100,"bu","09:58:15",1768100
26800,300,300,"bu","09:58:40",1768400
26750,250,500,"sd","09:58:48",1768900
26800,300,50500,"bu","09:59:03",1819400
26750,250,100,"bu","09:59:04",1819500
26800,300,4000,"bu","09:59:09",1823500
26800,300,20000,"sd","09:59:12",1843500
26800,300,800,"sd","09:59:18",1844300
26800,300,5000,"sd","09:59:23",1849300
26800,300,200,"bu","09:59:24",1849500
26800,300,3000,"sd","09:59:25",1852500
26800,300,30000,"bu","09:59:27",1882500
26800,300,7000,"bu","09:59:28",1889500
26800,300,5000,"bu","09:59:30",1894500
26800,300,200,"sd","09:59:32",1894700
26800,300,2400,"sd","09:59:32",1897100
26800,300,300,"sd","09:59:35",1897400
26800,300,100,"sd","09:59:37",1897500
26800,300,9500,"bu","09:59:40",1907000
26800,300,1000,"bu","09:59:41",1908000
26800,300,4000,"sd","09:59:47",1912000
26800,300,500,"bu","09:59:51",1912500
26800,300,100,"bu","09:59:54",1912600
26850,350,500,"sd","10:00:00",1913100
26800,300,5000,"sd","10:00:01",1918100
26850,350,2000,"sd","10:00:02",1920100
26850,350,40000,"bu","10:00:03",1960100
26850,350,10000,"bu","10:00:03",1970100
26850,350,3600,"sd","10:00:07",1973700
26850,350,500,"sd","10:00:12",1974200
26850,350,8100,"sd","10:00:13",1982300
26850,350,12700,"bu","10:00:14",1995000
26850,350,500,"bu","10:00:15",2006100
26900,400,1500,"sd","10:00:16",2007600
26850,350,5000,"sd","10:00:20",2012600
26850,350,100,"sd","10:00:28",2012700
26900,400,1600,"sd","10:00:35",2014300
26900,400,30000,"sd","10:00:41",2044300
26900,400,100,"sd","10:00:43",2044400
26900,400,5000,"bu","10:00:47",2049400
26900,400,2800,"sd","10:00:48",2052200
26900,400,100,"sd","10:00:49",2052300
26900,400,2000,"sd","10:00:50",2054300
26900,400,5000,"bu","10:00:51",2059300
26850,350,600,"sd","10:00:53",2059900
26900,400,2000,"bu","10:00:54",2061900
26900,400,69100,"sd","10:00:57",2131000
26900,400,35600,"bu","10:00:59",2166600
26950,450,3000,"bu","10:00:59",2169600
26950,450,3100,"bu","10:01:03",2172700
26950,450,10000,"bu","10:01:09",2182700
26950,450,6800,"bu","10:01:13",2189500
26950,450,3000,"sd","10:01:17",2192500
26950,450,600,"bu","10:01:20",2193100
26950,450,500,"sd","10:01:21",2193600
26950,450,1300,"sd","10:01:24",2194900
26950,450,100000,"bu","10:01:25",2294900
26950,450,15600,"bu","10:01:28",2310500
26950,450,1000,"sd","10:01:30",2311500
26950,450,3500,"bu","10:01:30",2315000
26950,450,4100,"bu","10:01:32",2319100
26950,450,50000,"bu","10:01:32",2369100
26950,450,3800,"bu","10:01:33",2372900
26950,450,3000,"bu","10:01:34",2375900
26950,450,4100,"bu","10:01:35",2380000
26950,450,2000,"sd","10:01:36",2382000
26950,450,1300,"bu","10:01:37",2383300
26950,450,41200,"sd","10:01:49",2424500
26900,400,100,"bu","10:01:50",2424600
26950,450,1000,"sd","10:01:51",2425600
26950,450,22000,"sd","10:01:51",2447600
26950,450,500,"sd","10:02:00",2448100
26950,450,700,"sd","10:02:05",2448800
26900,400,20000,"sd","10:02:08",2468800
26950,450,3800,"bu","10:02:09",2472600
26950,450,300,"bu","10:02:10",2472900
26950,450,3000,"sd","10:02:14",2475900
26950,450,700,"sd","10:02:17",2476600
26950,450,2400,"bu","10:02:22",2479000
26950,450,2000,"sd","10:02:23",2481000
26950,450,500,"bu","10:02:24",2481500
26950,450,6000,"bu","10:02:25",2487500
26950,450,1700,"bu","10:02:34",2489200
26950,450,10000,"bu","10:02:35",2499200
26950,450,2000,"bu","10:02:39",2501200
26950,450,400,"bu","10:02:41",2501600
26900,400,10000,"bu","10:02:42",2511600
26950,450,1000,"sd","10:02:44",2512600
26950,450,7500,"bu","10:02:45",2520100
26950,450,400,"sd","10:02:47",2520500
26950,450,3000,"sd","10:02:48",2523500
26950,450,4500,"sd","10:02:50",2528000
26950,450,500,"bu","10:02:51",2528500
26950,450,4500,"sd","10:02:52",2533000
26950,450,3300,"sd","10:02:53",2536300
26950,450,600,"sd","10:02:54",2536900
26900,400,500,"bu","10:02:59",2537400
26950,450,1000,"sd","10:03:02",2538400
26950,450,1100,"bu","10:03:03",2539500
26950,450,20200,"bu","10:03:04",2559700
26950,450,10000,"bu","10:03:07",2569700
26950,450,3100,"bu","10:03:10",2572800
26950,450,100,"bu","10:03:11",2915600
26950,450,500,"bu","10:03:16",2916100
27000,500,5100,"bu","10:03:19",2921200
26950,450,500,"sd","10:03:20",2921700
26950,450,3000,"bu","10:03:22",2924700
27000,500,1300,"bu","10:03:25",2926000
27000,500,4000,"bu","10:03:28",2930000
27000,500,1000,"sd","10:03:29",2931000
27000,500,2000,"sd","10:03:31",2933000
26950,450,100,"sd","10:03:32",2933100
27000,500,500,"bu","10:03:33",2933600
27000,500,1000,"sd","10:03:36",2934600
27000,500,1000,"sd","10:03:41",2935600
27000,500,10000,"sd","10:03:42",2945600
27000,500,1800,"sd","10:03:44",2947400
27000,500,2100,"bu","10:03:46",2949500
27000,500,200,"bu","10:03:47",2957500
27000,500,300,"sd","10:03:50",2959800
27000,500,30000,"sd","10:03:51",2989800
27000,500,10000,"bu","10:03:53",2999800
27000,500,1700,"bu","10:03:55",3001500
27000,500,15000,"sd","10:03:56",3016500
27000,500,200,"sd","10:03:57",3016700
27000,500,4200,"sd","10:03:59",3020900
27000,500,3000,"sd","10:04:01",3024700
27000,500,5000,"sd","10:04:04",3029700
27000,500,3000,"sd","10:04:05",3032700
27000,500,900,"sd","10:04:07",3033600
27000,500,10000,"bu","10:04:07",3043600
27000,500,6000,"bu","10:04:08",3049600
27000,500,2000,"bu","10:04:10",3051600
27000,500,1400,"sd","10:04:10",3053000
27000,500,9000,"sd","10:04:11",3062000
27000,500,13500,"bu","10:04:12",3075500
27000,500,12300,"bu","10:04:13",3087800
27000,500,2500,"bu","10:04:14",3090300
27000,500,9000,"sd","10:04:15",3099300
27000,500,5200,"bu","10:04:16",3104500
27000,500,300,"sd","10:04:17",3104800
27000,500,11200,"sd","10:04:18",3116000
27000,500,2000,"bu","10:04:19",3118000
27000,500,100,"bu","10:04:20",3118100
27000,500,112400,"bu","10:04:23",3230500
27000,500,500,"bu","10:04:24",3231000
27000,500,27000,"bu","10:04:25",3258000
27000,500,100,"bu","10:04:26",3258100
26950,450,4100,"bu","10:04:27",3262200
27000,500,14800,"sd","10:04:29",3277000
27000,500,2000,"sd","10:04:30",3279000
27000,500,79600,"bu","10:04:32",3358600
27000,500,1000,"bu","10:04:33",3451400
27000,500,32300,"sd","10:04:34",3483700
27000,500,52600,"bu","10:04:35",3536300
27000,500,25500,"sd","10:04:36",3561800
27000,500,13700,"sd","10:04:37",3575500
27000,500,38400,"sd","10:04:38",3613900
27000,500,100,"bu","10:04:40",3614000
27000,500,16300,"sd","10:04:41",3630300
27000,500,101200,"bu","10:04:41",3731500
27000,500,15000,"sd","10:04:42",3746500
27050,550,112700,"sd","10:04:42",3859200
27050,550,13500,"sd","10:04:43",3872700
27000,500,400,"bu","10:04:45",3873100
27000,500,1100,"sd","10:04:46",3874200
27000,500,1800,"bu","10:04:48",3876000
27050,550,3000,"sd","10:04:49",3879000
27050,550,2000,"sd","10:04:50",3881000
27050,550,11100,"sd","10:04:52",3892100
27000,500,2500,"sd","10:04:53",3894600
27050,550,34000,"sd","10:04:54",3928600
27000,500,1000,"sd","10:04:57",3929600
27050,550,1000,"sd","10:04:59",3930600
27050,550,4600,"sd","10:05:01",3935200
27050,550,4000,"bu","10:05:02",3939200
27050,550,12000,"bu","10:05:03",3951200
27050,550,3000,"sd","10:05:04",3954200
27050,550,500,"sd","10:05:05",3957200
27050,550,14000,"sd","10:05:06",3971200
27050,550,15200,"bu","10:05:08",3986400
27050,550,3000,"bu","10:05:10",4016300
27050,550,300,"bu","10:05:12",4032600
27050,550,1600,"sd","10:05:12",4034200
27050,550,2000,"sd","10:05:13",4036200
27050,550,100,"sd","10:05:15",4036300
27050,550,6200,"sd","10:05:27",4042500
27050,550,200,"sd","10:05:29",4042700
27100,600,100,"bu","10:05:30",4042800
27050,550,3000,"bu","10:05:32",4045800
27100,600,1800,"sd","10:05:33",4047600
27100,600,3000,"sd","10:05:36",4050600
27050,550,3000,"sd","10:05:37",4053600
27100,600,1100,"sd","10:05:40",4054700
27000,500,250400,"bu","10:05:41",4305100
27050,550,2200,"bu","10:05:42",4307300
27050,550,2000,"sd","10:05:44",4309300
27050,550,600,"sd","10:05:49",4309900
27050,550,5000,"sd","10:05:49",4314900
27050,550,300,"bu","10:05:50",4315200
27050,550,1000,"bu","10:05:50",4316200
27050,550,6200,"sd","10:05:52",4322400
27050,550,2000,"bu","10:05:53",4324400
27050,550,2000,"sd","10:05:54",4326400
27050,550,1000,"bu","10:05:55",4327400
27050,550,1300,"bu","10:05:56",4328700
27050,550,5000,"sd","10:05:58",4333700
27050,550,30000,"sd","10:05:59",4363700
27050,550,1900,"bu","10:05:59",4365600
27100,600,25000,"sd","10:06:00",4390600
27100,600,200,"sd","10:06:01",4390800
27050,550,1200,"bu","10:06:03",4392000
27050,550,2000,"bu","10:06:04",4394000
27050,550,1000,"bu","10:06:05",4395000
27050,550,400,"sd","10:06:06",4395400
27050,550,13300,"sd","10:06:08",4408700
27050,550,400,"sd","10:06:09",4428800
27050,550,1300,"sd","10:06:10",4430100
27050,550,100,"sd","10:06:12",4430200
27050,550,12400,"bu","10:06:15",4442600
27050,550,24000,"bu","10:06:16",4466600
27050,550,2100,"bu","10:06:18",4468700
27100,600,2400,"sd","10:06:19",4473700
27050,550,800,"sd","10:06:20",4474500
27050,550,1500,"bu","10:06:24",4476000
27050,550,21000,"bu","10:06:25",4497000
27050,550,100,"sd","10:06:26",4497100
27050,550,500,"bu","10:06:27",4497600
27050,550,2000,"bu","10:06:30",4499600
27050,550,100,"bu","10:06:33",4499700
27100,600,3000,"bu","10:06:34",4502700
27050,550,100,"sd","10:06:35",4502800
27050,550,1100,"bu","10:06:37",4503900
27100,600,100,"sd","10:06:40",4504000
27050,550,2000,"bu","10:06:41",4506000
27100,600,1100,"bu","10:06:42",4507100
27050,550,1000,"bu","10:06:49",4508200
27100,600,1900,"sd","10:06:51",4510100
27100,600,2000,"sd","10:06:55",4512100
27100,600,1000,"sd","10:06:56",4513100
27050,550,10000,"bu","10:06:57",4523100
27100,600,2100,"sd","10:06:58",4525200
27050,550,2100,"bu","10:06:59",4527300
27100,600,1000,"sd","10:07:01",4528300
27050,550,1500,"sd","10:07:07",4529800
27050,550,200,"bu","10:07:08",4530000
27050,550,500,"sd","10:07:15",4530500
27100,600,200,"bu","10:07:20",4530700
27050,550,1000,"bu","10:07:21",4531700
27050,550,9600,"bu","10:07:24",4541300
27050,550,100,"bu","10:07:25",4541400
27100,600,41000,"sd","10:07:26",4582400
27100,600,329000,"sd","10:07:27",4911400
27050,550,300,"sd","10:07:28",4911700
27050,550,1000,"sd","10:07:29",4912700
27100,600,9000,"sd","10:07:31",4921700
27050,550,20000,"bu","10:07:32",4941700
27100,600,3600,"sd","10:07:34",4945300
27100,600,4000,"sd","10:07:35",4949300
27050,550,200,"sd","10:07:37",4949500
27050,550,500,"sd","10:07:38",4950000
27100,600,20000,"sd","10:07:41",4970000
27100,600,100,"bu","10:07:42",4970100
27100,600,3000,"bu","10:07:44",4973100
27050,550,2000,"bu","10:07:45",4975100
27100,600,200,"sd","10:07:46",4975300
27050,550,700,"sd","10:07:47",4976000
27100,600,7000,"sd","10:07:48",4983000
27100,600,3000,"sd","10:07:49",4986000
27050,550,1400,"bu","10:07:51",4987400
27100,600,200,"bu","10:07:53",4987600
27050,550,1000,"bu","10:07:57",4988600
27100,600,3000,"sd","10:08:02",4991600
27100,600,400,"bu","10:08:06",4992000
27100,600,1300,"bu","10:08:12",4993300
27050,550,100,"sd","10:08:13",4996400
27100,600,10000,"bu","10:08:14",5006400
27100,600,10000,"sd","10:08:15",5016400
27050,550,3000,"bu","10:08:16",5019400
27050,550,5000,"sd","10:08:18",5024400
27050,550,400,"bu","10:08:21",5024800
27100,600,36200,"bu","10:08:23",5061000
27100,600,7000,"sd","10:08:29",5068000
27100,600,6600,"bu","10:08:30",5074600
27050,550,1000,"bu","10:08:32",5075600
27100,600,10000,"bu","10:08:35",5085600
27050,550,5900,"sd","10:08:39",5091500
27050,550,1000,"bu","10:08:39",5092500
27100,600,500,"bu","10:08:46",5093000
27050,550,100,"sd","10:08:47",5093100
27050,550,500,"bu","10:08:48",5093600
27100,600,300,"sd","10:08:49",5093900
27100,600,200,"sd","10:08:50",5094100
27050,550,2000,"sd","10:08:51",5096100
27050,550,2000,"bu","10:08:53",5098100
27050,550,5500,"sd","10:09:03",5103600
27050,550,1000,"bu","10:09:04",5104600
27050,550,2000,"sd","10:09:06",5106600
27050,550,1300,"bu","10:09:07",5107900
27050,550,6000,"sd","10:09:09",5113900
27050,550,4000,"bu","10:09:10",5117900
27050,550,5000,"bu","10:09:11",5122900
27050,550,500,"sd","10:09:12",5123400
27050,550,11300,"sd","10:09:13",5134700
27050,550,5300,"bu","10:09:14",5140000
27050,550,500,"sd","10:09:18",5140500
27050,550,2000,"sd","10:09:19",5142500
27050,550,8500,"bu","10:09:20",5151000
27050,550,600,"bu","10:09:23",5151600
27050,550,2200,"sd","10:09:25",5153800
27050,550,21600,"sd","10:09:26",5175400
27050,550,1100,"sd","10:09:27",5176500
27050,550,1000,"sd","10:09:28",5177500
27050,550,51000,"bu","10:09:28",5228500
27050,550,11100,"sd","10:09:29",5239600
27050,550,39900,"sd","10:09:30",5279500
27050,550,8600,"bu","10:09:30",5288100
27050,550,1400,"bu","10:09:32",5289500
27000,500,4000,"bu","10:09:33",5293500
27000,500,10000,"bu","10:09:34",5303500
27000,500,2500,"sd","10:09:35",5306000
27000,500,500,"bu","10:09:36",5306500
27000,500,4000,"bu","10:09:41",5310500
27000,500,3000,"bu","10:09:42",5313500
27000,500,27000,"bu","10:09:44",5340500
27050,550,1000,"bu","10:09:45",5341500
27050,550,36500,"bu","10:09:45",5378000
27000,500,5000,"bu","10:09:46",5383000
27000,500,1100,"bu","10:09:47",5384100
27000,500,10000,"sd","10:09:49",5394100
27000,500,10000,"bu","10:09:50",5419600
27000,500,52700,"sd","10:09:51",5472300
27000,500,50400,"sd","10:09:52",5522700
27050,550,8500,"sd","10:09:53",5556500
27000,500,300,"bu","10:09:54",5556800
27000,500,5000,"sd","10:09:55",5561800
27000,500,5100,"bu","10:09:56",5566900
27000,500,1000,"sd","10:09:57",5567900
26950,450,4000,"bu","10:10:00",5571900
27000,500,100,"bu","10:10:02",5572000
26950,450,200,"bu","10:10:03",5572200
26950,450,4200,"bu","10:10:04",5576400
27000,500,17000,"sd","10:10:05",5593400
26950,450,3200,"sd","10:10:08",5596600
26950,450,2000,"bu","10:10:13",5598600
26850,350,38500,"sd","10:10:14",5637100
26900,400,200,"sd","10:10:15",5637300
26950,450,1000,"bu","10:10:17",5638300
26850,350,5400,"bu","10:10:19",5643700
26900,400,1100,"sd","10:10:23",5644800
26750,250,60700,"bu","10:10:25",5705500
26750,250,4600,"sd","10:10:26",5710100
26900,400,200,"bu","10:10:30",5710300
26850,350,2500,"sd","10:10:34",5712800
26850,350,2000,"bu","10:10:42",5714800
26850,350,100,"sd","10:10:44",5714900
26850,350,400,"sd","10:10:45",5715300
26850,350,8000,"bu","10:10:47",5723300
26850,350,900,"bu","10:10:48",5724200
26850,350,10000,"bu","10:11:02",5734200
26850,350,2900,"bu","10:11:17",5737100
26900,400,8000,"sd","10:11:18",5745100
26850,350,100,"bu","10:11:20",5745200
26850,350,2000,"bu","10:11:27",5747200
26900,400,3000,"bu","10:11:34",5750200
26900,400,400,"bu","10:11:40",5750600
26900,400,5000,"sd","10:11:41",5755600
26850,350,500,"sd","10:11:42",5756100
26900,400,10000,"sd","10:11:46",5766100
26900,400,1000,"sd","10:11:49",5767100
26850,350,3000,"bu","10:11:53",5770100
26900,400,700,"bu","10:11:59",5770800
26900,400,100,"bu","10:12:13",5770900
26900,400,62600,"bu","10:12:18",5833500
26900,400,5000,"sd","10:12:20",5838500
26900,400,1100,"bu","10:12:21",5839600
26900,400,10800,"bu","10:12:23",5850400
26900,400,12000,"sd","10:12:24",5862400
26900,400,1800,"bu","10:12:26",5864200
26950,450,500,"sd","10:12:27",5864700
26950,450,10000,"bu","10:12:28",5874700
26900,400,5000,"sd","10:12:31",5879700
26950,450,5000,"bu","10:12:37",5884700
26950,450,10000,"bu","10:12:40",5894700
26950,450,3800,"sd","10:12:41",5898500
26950,450,800,"sd","10:12:46",5899300
26950,450,2700,"bu","10:12:57",5902000
26950,450,400,"sd","10:13:02",5902400
26950,450,100,"bu","10:13:06",5902500
26950,450,1000,"sd","10:13:11",5903500
26950,450,1900,"sd","10:13:18",5905400
26950,450,10100,"bu","10:13:19",5915500
26950,450,800,"sd","10:13:20",5916300
26950,450,3200,"sd","10:13:24",5919500
26950,450,500,"bu","10:13:26",5925000
26950,450,100,"bu","10:13:27",5925100
26950,450,4000,"bu","10:13:27",5929100
26950,450,2000,"sd","10:13:30",5931100
26950,450,5000,"bu","10:13:32",5936100
26950,450,500,"bu","10:13:37",5936600
26950,450,100,"sd","10:13:39",5936700
26950,450,3000,"bu","10:13:41",5939700
27000,500,1800,"sd","10:13:42",5941500
26950,450,100,"sd","10:13:44",5941600
27000,500,2600,"sd","10:13:45",5944200
26950,450,30000,"bu","10:13:47",5974200
26950,450,3700,"bu","10:13:50",5977900
26950,450,5000,"sd","10:13:55",5982900
26950,450,1000,"sd","10:13:57",5983900
26950,450,600,"sd","10:13:59",5984500
26900,400,100,"bu","10:14:03",5984600
26950,450,2000,"sd","10:14:04",5986600
26950,450,1000,"bu","10:14:08",5987600
26950,450,100,"bu","10:14:10",5987700
26950,450,500,"sd","10:14:18",5988200
26950,450,1100,"bu","10:14:20",5989300
26950,450,4600,"bu","10:14:22",5993900
26950,450,5400,"sd","10:14:23",5999300
26950,450,6800,"bu","10:14:30",6006100
26950,450,200,"bu","10:14:35",6006300
27000,500,1000,"bu","10:14:36",6007300
26950,450,25700,"sd","10:14:40",6033000
26950,450,200,"sd","10:14:47",6033200
26900,400,2000,"sd","10:14:50",6035200
26950,450,3100,"sd","10:14:51",6038300
26950,450,500,"bu","10:14:56",6038800
26900,400,100,"sd","10:14:58",6038900
26900,400,2000,"sd","10:15:22",6040900
26900,400,400,"sd","10:15:30",6041300
26950,450,500,"sd","10:15:31",6041800
26900,400,5500,"bu","10:15:39",6047300
26900,400,1000,"bu","10:15:43",6048300
26900,400,1500,"sd","10:15:51",6049800
26900,400,200,"sd","10:15:58",6050000
26900,400,500,"sd","10:16:07",6050500
26900,400,50000,"bu","10:16:11",6100500
26900,400,5200,"bu","10:16:16",6105700
26900,400,400,"sd","10:16:20",6106100
26900,400,100,"bu","10:16:23",6106200
26900,400,12000,"bu","10:16:25",6118200
26950,450,200,"bu","10:16:28",6118400
26900,400,1700,"sd","10:16:30",6120100
26900,400,2400,"bu","10:16:31",6122500
26900,400,7000,"sd","10:16:36",6129500
26900,400,100,"bu","10:16:38",6129600
26900,400,3100,"sd","10:16:39",6132700
26900,400,6000,"bu","10:16:40",6138700
26900,400,200,"bu","10:16:42",6138900
26900,400,10000,"bu","10:16:47",6148900
26900,400,500,"bu","10:16:48",6149400
26900,400,1000,"sd","10:16:49",6150400
26900,400,500,"bu","10:16:58",6150900
26900,400,100,"bu","10:17:00",6151000
26900,400,2500,"bu","10:17:20",6153500
26900,400,6000,"sd","10:17:22",6159500
26950,450,500,"bu","10:17:31",6160000
26900,400,6600,"bu","10:17:35",6166600
26900,400,1200,"sd","10:17:37",6167800
26900,400,200,"bu","10:17:42",6168000
26900,400,100,"bu","10:17:50",6168100
26900,400,5000,"sd","10:18:01",6173100
26900,400,200,"bu","10:18:03",6173300
26900,400,100,"bu","10:18:04",6173400
26900,400,10000,"sd","10:18:06",6183400
26900,400,10700,"bu","10:18:10",6194100
26950,450,100,"bu","10:18:12",6194200
26900,400,2000,"bu","10:18:13",6196200
26950,450,1500,"bu","10:18:18",6197700
26900,400,500,"sd","10:18:20",6198200
26900,400,100,"bu","10:18:27",6198300
26900,400,8000,"sd","10:18:35",6206300
26900,400,3000,"bu","10:18:36",6209300
26900,400,500,"bu","10:18:42",6209800
26900,400,600,"bu","10:19:07",6210400
26900,400,2200,"sd","10:19:09",6212600
26900,400,500,"sd","10:19:16",6213100
26900,400,300,"bu","10:19:18",6213400
26900,400,4100,"sd","10:19:28",6217500
26900,400,1000,"sd","10:19:34",6218500
26900,400,700,"bu","10:19:37",6219200
26900,400,300,"bu","10:19:38",6219500
26900,400,100,"sd","10:19:41",6219600
26900,400,300,"sd","10:19:45",6219900
26950,450,10300,"bu","10:19:58",6230200
26950,450,900,"sd","10:20:12",6231100
26900,400,800,"sd","10:20:17",6231900
26900,400,1500,"sd","10:20:54",6233400
26900,400,9700,"sd","10:21:05",6243100
26900,400,100,"sd","10:21:06",6243200
26900,400,2600,"sd","10:21:13",6245800
26900,400,300,"bu","10:21:20",6246100
26900,400,300,"sd","10:21:29",6246400
26900,400,2300,"bu","10:21:38",6248700
26900,400,2000,"sd","10:21:45",6250700
26850,350,2900,"bu","10:22:20",6253600
26900,400,600,"sd","10:22:34",6254200
26850,350,1000,"sd","10:22:42",6255200
26900,400,100,"bu","10:22:44",6255300
26850,350,1000,"bu","10:22:53",6256300
26850,350,300,"bu","10:23:30",6256600
26850,350,3100,"bu","10:23:36",6259700
26900,400,200,"bu","10:23:37",6259900
26900,400,10500,"bu","10:24:06",6270400
26900,400,100,"sd","10:24:37",6270500
26900,400,500,"bu","10:24:42",6271000
26900,400,100,"sd","10:24:43",6271100
26900,400,1200,"bu","10:25:24",6272300
26900,400,13000,"bu","10:25:28",6285300
26900,400,3400,"bu","10:25:35",6288700
26900,400,300,"sd","10:25:44",6289000
26850,350,4600,"bu","10:25:46",6293600
26900,400,500,"sd","10:26:02",6294100
26850,350,1800,"bu","10:26:13",6295900
26900,400,2000,"sd","10:26:16",6297900
26900,400,200,"bu","10:26:43",6298100
26900,400,5000,"sd","10:26:53",6303100
26900,400,100,"bu","10:27:08",6303200
26900,400,500,"bu","10:27:12",6303700
26900,400,1000,"sd","10:27:26",6304700
26850,350,300,"sd","10:27:40",6305000
26900,400,700,"bu","10:27:42",6305700
26850,350,2000,"bu","10:27:47",6307700
26850,350,1000,"bu","10:27:50",6308700
26850,350,25900,"bu","10:28:02",6334600
26850,350,28500,"bu","10:28:03",6363100
26850,350,1000,"sd","10:28:04",6364100
26850,350,5000,"bu","10:28:08",6369100
26850,350,200,"sd","10:28:16",6369300
26850,350,1500,"sd","10:28:20",6370800
26850,350,5000,"sd","10:28:26",6375800
26850,350,100,"sd","10:28:28",6375900
26850,350,39800,"bu","10:28:32",6415700
26850,350,4100,"bu","10:28:40",6419800
26850,350,5500,"sd","10:28:43",6425300
26850,350,5000,"bu","10:29:02",6430300
26850,350,200,"bu","10:29:04",6430500
26850,350,400,"bu","10:29:08",6430900
26850,350,10000,"bu","10:29:12",6440900
26850,350,10200,"bu","10:29:27",6451100
26850,350,1000,"sd","10:29:29",6452100
26850,350,10500,"bu","10:29:43",6462600
26850,350,300,"sd","10:30:01",6462900
26850,350,2000,"bu","10:30:11",6464900
26850,350,200,"bu","10:30:17",6465100
26850,350,5000,"bu","10:30:20",6470100
26850,350,3000,"bu","10:30:23",6473100
26850,350,1500,"sd","10:30:33",6474600
26850,350,200,"sd","10:30:54",6474800
26900,400,7900,"sd","10:30:56",6482700
26900,400,167200,"bu","10:31:11",6649900
26900,400,34400,"sd","10:31:12",6684300
26900,400,800,"bu","10:31:14",6685100
26900,400,3500,"sd","10:31:15",6688600
26900,400,20000,"sd","10:31:16",6708600
26900,400,4300,"bu","10:31:17",6712900
26900,400,300,"bu","10:31:18",6713200
26900,400,500,"sd","10:31:22",6713700
26900,400,3000,"bu","10:31:25",6716700
27000,500,282900,"bu","10:31:30",6999600
27000,500,217100,"sd","10:31:31",7216700
26900,400,1000,"sd","10:31:33",7217700
27000,500,262200,"sd","10:31:41",7479900
27000,500,73900,"bu","10:31:46",7553800
27000,500,600,"sd","10:31:53",7554400
27000,500,1200,"sd","10:31:56",7555600
27000,500,500,"sd","10:32:00",7556100
27000,500,6400,"bu","10:32:04",7562500
27000,500,2000,"bu","10:32:06",7564500
27000,500,16000,"sd","10:32:08",7580500
27000,500,5500,"bu","10:32:11",7586000
27000,500,100,"sd","10:32:12",7586100
27000,500,6700,"bu","10:32:13",7592800
27000,500,1000,"bu","10:32:14",7598800
27000,500,200,"sd","10:32:15",7599000
27000,500,3800,"bu","10:32:16",7602800
27000,500,3800,"bu","10:32:19",7606600
27000,500,3700,"sd","10:32:20",7610300
27000,500,100,"bu","10:32:26",7618500
27000,500,13600,"sd","10:32:27",7632100
27000,500,13000,"bu","10:32:28",7645100
27000,500,500,"bu","10:32:29",7645600
27000,500,7600,"bu","10:32:30",7653200
27000,500,20000,"sd","10:32:32",7675200
27000,500,7400,"bu","10:32:33",7682600
27000,500,1600,"bu","10:32:34",7684200
27000,500,300,"sd","10:32:35",7684500
27000,500,47200,"bu","10:32:36",7731700
27000,500,100,"bu","10:32:44",7731800
27000,500,2900,"bu","10:32:54",7734700
26950,450,5000,"sd","10:33:04",7739700
26950,450,4000,"bu","10:33:06",7743700
26950,450,600,"sd","10:33:07",7744300
26950,450,200,"bu","10:33:09",7744500
26950,450,500,"sd","10:33:10",7745000
26950,450,600,"sd","10:33:12",7745600
26950,450,100,"sd","10:33:18",7745700
26950,450,4300,"sd","10:33:25",7750000
26950,450,1000,"sd","10:33:41",7751000
27000,500,4500,"bu","10:33:47",7755500
26950,450,100,"sd","10:33:49",7755600
26950,450,10200,"sd","10:33:58",7765800
26950,450,1000,"bu","10:34:01",7766800
26950,450,200,"sd","10:34:03",7767000
26950,450,8600,"sd","10:34:04",7775600
26950,450,10000,"bu","10:34:09",7785600
26950,450,100,"bu","10:34:11",7785700
26950,450,5000,"sd","10:34:13",7790700
26950,450,5000,"bu","10:34:15",7795700
26950,450,100,"bu","10:34:15",7795800
26950,450,500,"bu","10:34:16",7796300
26950,450,1000,"sd","10:34:17",7797300
26950,450,500,"sd","10:34:18",7797800
26950,450,300,"bu","10:34:24",7798100
26950,450,2500,"sd","10:34:38",7800600
26950,450,500,"sd","10:34:43",7801100
26950,450,1000,"bu","10:34:45",7802100
26900,400,500,"bu","10:34:48",7802600
26900,400,300,"bu","10:34:57",7802900
26900,400,500,"bu","10:35:00",7803400
26900,400,400,"bu","10:35:01",7803800
26900,400,500,"sd","10:35:07",7804300
26900,400,100,"bu","10:35:08",7804400
26900,400,13000,"bu","10:35:10",7817400
26900,400,2000,"bu","10:35:13",7819400
26900,400,600,"sd","10:35:18",7820000
26850,350,17300,"sd","10:35:57",7837300
26850,350,500,"sd","10:36:19",7837800
26850,350,200,"bu","10:36:21",7838000
26850,350,2600,"sd","10:36:32",7840600
26850,350,400,"sd","10:36:39",7841000
26850,350,500,"bu","10:36:52",7841500
26850,350,1000,"bu","10:36:57",7842500
26850,350,200,"sd","10:37:00",7842700
26850,350,2000,"bu","10:37:11",7844700
26850,350,100,"sd","10:37:14",7844800
26850,350,1000,"bu","10:37:16",7845800
26900,400,200,"bu","10:37:30",7846000
26850,350,1000,"sd","10:37:33",7847000
26850,350,100,"bu","10:37:45",7847100
26900,400,10000,"bu","10:37:46",7857100
26850,350,5000,"sd","10:37:58",7862100
26850,350,10000,"bu","10:38:11",7872100
26850,350,1000,"bu","10:38:25",7873100
26900,400,400,"sd","10:38:27",7873500
26850,350,2000,"sd","10:38:36",7875500
26850,350,700,"sd","10:38:42",7876200
26850,350,3500,"sd","10:38:51",7879700
26850,350,100,"bu","10:38:59",7879800
26850,350,1000,"bu","10:39:12",7880800
26850,350,3000,"bu","10:39:26",7883800
26850,350,10000,"sd","10:39:39",7893800
26850,350,1000,"sd","10:39:48",7894800
26850,350,10000,"sd","10:40:01",7904800
26850,350,4000,"sd","10:40:04",7908800
26850,350,12700,"bu","10:40:05",7921500
26850,350,5000,"bu","10:40:07",7926500
26850,350,100,"bu","10:40:08",7926600
26850,350,300,"bu","10:40:09",7926900
26850,350,500,"sd","10:40:13",7927400
26850,350,2000,"sd","10:40:16",7929400
26850,350,1000,"bu","10:40:17",7930400
26850,350,2300,"bu","10:40:18",7932700
26850,350,1000,"bu","10:40:19",7933700
26850,350,400,"sd","10:40:22",7934100
26850,350,5000,"bu","10:40:25",7939100
26850,350,3000,"bu","10:40:29",7942100
26850,350,5000,"bu","10:40:30",7947100
26850,350,3600,"bu","10:40:37",7950700
26800,300,1100,"sd","10:40:47",7951800
26850,350,2500,"bu","10:40:55",7954300
26850,350,400,"bu","10:41:24",7954700
26850,350,400,"bu","10:41:52",7955100
26800,300,1000,"bu","10:41:55",7956100
26800,300,1600,"bu","10:41:58",7957700
26800,300,400,"sd","10:41:59",7958100
26800,300,2200,"bu","10:42:23",7960300
26800,300,1000,"sd","10:42:30",7961300
26850,350,300,"bu","10:42:42",7961600
26850,350,1000,"sd","10:43:04",7962600
26800,300,500,"bu","10:43:05",7963100
26850,350,100,"sd","10:43:12",7963200
26850,350,1000,"sd","10:43:15",7964200
26850,350,15000,"sd","10:43:19",7979200
26800,300,20000,"sd","10:43:24",7999200
26800,300,2000,"sd","10:43:27",8001200
26850,350,1000,"sd","10:43:32",8002200
26850,350,100,"sd","10:43:40",8002300
26850,350,6600,"sd","10:43:54",8008900
26850,350,200,"bu","10:43:56",8009100
26850,350,1000,"bu","10:44:05",8010100
26850,350,16300,"sd","10:44:07",8026400
26850,350,500,"bu","10:44:15",8026900
26850,350,2000,"bu","10:44:18",8028900
26800,300,5000,"bu","10:44:25",8033900
26850,350,500,"bu","10:44:26",8034400
26850,350,50000,"bu","10:44:35",8084400
26850,350,1000,"bu","10:44:41",8085400
26850,350,1000,"sd","10:44:45",8086400
26850,350,600,"sd","10:45:04",8087000
26850,350,1000,"bu","10:45:14",8088000
26850,350,500,"bu","10:45:18",8088500
26850,350,200,"bu","10:45:22",8088700
26850,350,2100,"sd","10:45:25",8090800
26850,350,4000,"bu","10:45:26",8094800
26850,350,500,"sd","10:45:30",8095300
26850,350,5000,"sd","10:45:32",8100300
26850,350,1500,"bu","10:45:38",8101800
26850,350,500,"sd","10:45:41",8102300
26850,350,1000,"sd","10:45:46",8103300
26850,350,3500,"bu","10:45:58",8106800
26900,400,100,"bu","10:45:59",8106900
26850,350,4000,"sd","10:46:01",8110900
26900,400,100,"bu","10:46:03",8111000
26850,350,10000,"bu","10:46:09",8121000
26900,400,100,"bu","10:46:12",8121100
26850,350,7000,"bu","10:46:14",8128100
26900,400,100,"sd","10:46:18",8128200
26850,350,2700,"bu","10:46:28",8130900
26900,400,100,"sd","10:46:38",8131000
26900,400,400,"sd","10:46:45",8131400
26850,350,500,"bu","10:46:50",8131900
26850,350,400,"sd","10:46:53",8132300
26850,350,1000,"bu","10:46:54",8133300
26900,400,1100,"bu","10:46:58",8134400
26850,350,1200,"bu","10:46:59",8135600
26850,350,2000,"bu","10:47:01",8137600
26900,400,100,"bu","10:47:05",8137700
26850,350,500,"sd","10:47:08",8138200
26850,350,1000,"bu","10:47:10",8139200
26900,400,100,"bu","10:47:11",8139300
26850,350,200,"sd","10:47:16",8139500
26900,400,600,"sd","10:47:18",8140100
26850,350,500,"bu","10:47:19",8140600
26900,400,100,"sd","10:47:24",8140700
26850,350,10000,"sd","10:47:26",8150700
26900,400,100,"sd","10:47:29",8150800
26850,350,1000,"sd","10:47:32",8151800
26900,400,100,"bu","10:47:37",8151900
26850,350,2000,"sd","10:47:43",8153900
26850,350,6000,"sd","10:47:44",8159900
26850,350,100,"sd","10:47:45",8160000
26850,350,3000,"sd","10:48:03",8163000
26850,350,5000,"sd","10:48:08",8168000
26850,350,200,"sd","10:48:25",8168200
26800,300,5000,"bu","10:48:58",8173200
26850,350,1900,"sd","10:49:01",8175100
26800,300,800,"sd","10:49:05",8175900
26800,300,10000,"sd","10:49:08",8185900
26800,300,11500,"sd","10:49:13",8197400
26850,350,5000,"sd","10:49:17",8202400
26800,300,1000,"sd","10:49:18",8203400
26800,300,5000,"sd","10:49:20",8208400
26800,300,2000,"sd","10:49:26",8210400
26800,300,26300,"sd","10:49:28",8236700
26800,300,8700,"sd","10:49:29",8245400
26800,300,30500,"bu","10:49:30",8275900
26800,300,2500,"bu","10:49:34",8278400
26800,300,1000,"sd","10:49:35",8279400
26800,300,800,"bu","10:49:36",8280200
26800,300,3400,"bu","10:49:41",8283600
26800,300,5700,"bu","10:49:43",8289300
26800,300,300,"bu","10:49:44",8289600
26800,300,500,"bu","10:49:46",8290100
26800,300,21700,"sd","10:49:47",8311800
26800,300,5200,"bu","10:50:18",8317000
26750,250,2000,"bu","10:50:21",8319000
26750,250,1900,"sd","10:50:28",8320900
26750,250,10500,"bu","10:50:30",8331400
26750,250,500,"bu","10:50:38",8331900
26750,250,100,"bu","10:50:39",8332000
26750,250,3000,"sd","10:50:44",8335000
26750,250,2000,"bu","10:50:46",8337000
26750,250,5000,"bu","10:50:51",8342000
26750,250,1600,"sd","10:50:53",8343600
26750,250,20000,"bu","10:50:55",8363600
26750,250,2000,"bu","10:50:56",8365600
26750,250,3500,"sd","10:51:01",8369100
26750,250,1500,"bu","10:51:03",8370600
26750,250,11300,"sd","10:51:06",8381900
26750,250,4000,"bu","10:51:09",8385900
26750,250,2100,"bu","10:51:12",8388000
26750,250,5000,"bu","10:51:13",8393000
26750,250,800,"sd","10:51:15",8393800
26750,250,4000,"sd","10:51:17",8397800
26750,250,6100,"sd","10:51:20",8403900
26750,250,26000,"bu","10:51:22",8429900
26750,250,2100,"sd","10:51:24",8432000
26750,250,3200,"bu","10:51:25",8435200
26750,250,100,"sd","10:51:31",8435300
26800,300,10600,"sd","10:51:37",8445900
26800,300,20000,"sd","10:51:41",8465900
26750,250,3000,"sd","10:51:54",8468900
26800,300,1000,"bu","10:52:00",8469900
26750,250,100,"sd","10:52:27",8470000
26750,250,800,"sd","10:52:34",8470800
26750,250,1000,"sd","10:52:37",8471800
26750,250,3000,"bu","10:52:45",8474800
26750,250,3200,"bu","10:52:46",8478000
26750,250,400,"sd","10:52:49",8478400
26800,300,300,"sd","10:52:51",8478700
26800,300,3000,"sd","10:52:54",8481700
26800,300,300,"bu","10:52:55",8482000
26800,300,2000,"sd","10:53:00",8484000
26800,300,200,"sd","10:53:01",8484200
26800,300,800,"bu","10:53:03",8485000
26750,250,400,"sd","10:53:06",8485400
26800,300,200,"sd","10:53:08",8485600
26750,250,2000,"bu","10:53:09",8487600
26800,300,100,"sd","10:53:10",8487700
26800,300,200,"sd","10:53:18",8487900
26800,300,104800,"bu","10:53:21",8592700
26850,350,1800,"sd","10:53:24",8594500
26850,350,4200,"bu","10:53:25",8598700
26800,300,1000,"sd","10:53:26",8599700
26850,350,2900,"bu","10:53:32",8602600
26800,300,100,"bu","10:53:40",8602700
26850,350,200,"sd","10:53:41",8602900
26800,300,1200,"sd","10:53:43",8604100
26800,300,1900,"bu","10:53:48",8606000
26800,300,200,"bu","10:53:50",8606200
26800,300,2000,"bu","10:54:07",8608200
26800,300,1100,"sd","10:54:10",8609300
26800,300,100,"bu","10:54:12",8609400
26800,300,3000,"bu","10:54:16",8612400
26800,300,2000,"sd","10:54:18",8614400
26800,300,600,"sd","10:54:20",8615000
26800,300,8500,"bu","10:54:21",8623500
26800,300,100,"sd","10:54:29",8623600
26800,300,1100,"bu","10:54:36",8624700
26850,350,600,"bu","10:54:41",8625300
26850,350,3000,"sd","10:54:54",8628300
26800,300,600,"bu","10:55:04",8628900
26800,300,700,"sd","10:55:20",8629600
26850,350,1000,"sd","10:55:30",8630600
26800,300,4000,"sd","10:55:34",8634600
26800,300,1300,"bu","10:55:35",8635900
26850,350,2000,"bu","10:55:46",8637900
26800,300,500,"sd","10:55:47",8638400
26800,300,1000,"bu","10:55:49",8639400
26800,300,200,"sd","10:55:54",8639600
26800,300,8200,"sd","10:56:01",8647800
26800,300,16600,"sd","10:56:07",8664400
26800,300,500,"bu","10:56:09",8664900
26800,300,7000,"sd","10:56:14",8671900
26800,300,100,"sd","10:56:15",8672000
26800,300,500,"bu","10:56:26",8672500
26800,300,9000,"sd","10:56:30",8681500
26800,300,100,"bu","10:56:32",8681600
26800,300,400,"sd","10:56:36",8682000
26800,300,1000,"sd","10:56:37",8683000
26800,300,200,"bu","10:56:40",8683200
26800,300,1500,"sd","10:56:47",8684700
26800,300,58800,"bu","10:56:59",8743500
26750,250,100,"bu","10:57:00",8743600
26800,300,3900,"bu","10:57:06",8747500
26800,300,100,"sd","10:57:11",8747600
26800,300,400,"bu","10:57:13",8748000
26800,300,100,"sd","10:57:17",8748100
26800,300,2000,"sd","10:57:18",8750100
26800,300,1000,"sd","10:57:20",8751100
26800,300,1000,"bu","10:57:22",8752100
26800,300,14300,"bu","10:57:23",8766400
26800,300,1000,"bu","10:57:24",8767400
26800,300,100,"bu","10:57:26",8767500
26800,300,10000,"sd","10:57:31",8777500
26800,300,2400,"bu","10:57:32",8779900
26800,300,200,"bu","10:57:36",8780100
26850,350,100,"sd","10:57:39",8780200
26800,300,500,"sd","10:57:44",8780700
26850,350,20400,"sd","10:57:53",8801100
26850,350,1500,"sd","10:58:00",8802600
26850,350,50000,"sd","10:58:07",8852600
26850,350,1000,"bu","10:58:08",8853600
26850,350,2000,"sd","10:58:12",8855600
26850,350,1300,"bu","10:58:14",8856900
26850,350,500,"sd","10:58:18",8857400
26850,350,15600,"bu","10:58:24",8873000
26850,350,100,"sd","10:58:28",8873100
26850,350,500,"sd","10:58:29",8873600
26850,350,33400,"bu","10:58:44",8907000
26850,350,300,"sd","10:58:49",8907300
26850,350,1000,"bu","10:58:54",8908300
26850,350,500,"sd","10:58:56",8908800
26850,350,300,"sd","10:59:10",8909100
26850,350,2000,"bu","10:59:14",8911100
26900,400,121200,"bu","10:59:15",9032300
26900,400,2200,"sd","10:59:16",9034500
26950,450,10000,"bu","10:59:36",9044500
26950,450,10000,"bu","10:59:38",9054500
26900,400,100,"bu","10:59:42",9054600
26900,400,700,"sd","11:00:21",9055300
26900,400,3100,"sd","11:00:34",9058400
26900,400,7000,"sd","11:00:46",9065400
26900,400,100,"sd","11:00:58",9065500
26900,400,2000,"sd","11:01:13",9067500
26900,400,20000,"bu","11:01:14",9087500
26900,400,3000,"sd","11:01:15",9090500
26900,400,500,"sd","11:01:23",9091000
26900,400,2000,"sd","11:01:30",9093000
26900,400,35000,"sd","11:01:34",9128000
26900,400,3000,"sd","11:01:36",9131000
26900,400,200,"sd","11:01:37",9131200
26900,400,9800,"bu","11:01:40",9141000
26900,400,22700,"sd","11:01:43",9163700
26900,400,19800,"bu","11:01:51",9183500
26900,400,100,"sd","11:01:52",9183600
26900,400,12100,"sd","11:02:02",9195700
26900,400,200,"bu","11:02:04",9195900
26900,400,2100,"bu","11:02:13",9198000
26950,450,100,"bu","11:02:15",9198100
26900,400,700,"sd","11:02:17",9198800
26950,450,100,"bu","11:02:23",9198900
26900,400,2000,"sd","11:02:28",9200900
26950,450,100,"bu","11:02:32",9201000
26900,400,3000,"bu","11:02:42",9204000
26950,450,100,"bu","11:02:45",9204100
26900,400,3000,"sd","11:03:04",9207100
26900,400,300,"sd","11:03:07",9207400
26900,400,100,"bu","11:03:09",9207500
26900,400,2000,"sd","11:03:15",9209500
26900,400,5000,"bu","11:03:18",9214500
26900,400,100,"sd","11:03:19",9214600
26950,450,4400,"bu","11:03:20",9219000
26900,400,5000,"sd","11:03:24",9224000
26900,400,1200,"sd","11:03:29",9225200
26900,400,2000,"bu","11:03:31",9227200
26900,400,1000,"bu","11:03:37",9228200
26900,400,1100,"bu","11:03:44",9229300
26900,400,1000,"sd","11:03:48",9230300
26900,400,2100,"sd","11:04:14",9232400
26900,400,6000,"sd","11:04:18",9238400
26950,450,100,"sd","11:04:19",9238500
26900,400,1000,"bu","11:04:21",9239500
26900,400,10500,"sd","11:04:23",9250000
26950,450,100,"sd","11:04:27",9250100
26900,400,2700,"sd","11:04:31",9252800
26900,400,100,"bu","11:04:32",9252900
26900,400,1700,"sd","11:04:40",9254600
26900,400,2200,"bu","11:04:44",9256800
26900,400,1000,"bu","11:04:51",9257800
26900,400,500,"bu","11:04:54",9258300
26900,400,100,"sd","11:04:55",9258400
26900,400,7600,"bu","11:05:10",9266000
26900,400,500,"bu","11:05:11",9266500
26900,400,1000,"sd","11:05:20",9267500
26900,400,3000,"sd","11:05:24",9270500
26900,400,5000,"bu","11:05:25",9275500
26900,400,1600,"sd","11:05:35",9277100
26900,400,2000,"bu","11:05:43",9279100
26950,450,20500,"bu","11:05:46",9299600
26900,400,11200,"bu","11:05:49",9310800
26900,400,1200,"sd","11:05:52",9312000
26900,400,1000,"sd","11:05:54",9313000
26950,450,1200,"bu","11:05:59",9314200
26900,400,500,"sd","11:06:01",9314700
26900,400,1000,"sd","11:06:06",9315700
26900,400,1100,"sd","11:06:18",9316800
26900,400,500,"sd","11:06:19",9317300
26900,400,2000,"sd","11:06:21",9319300
26900,400,200,"bu","11:06:23",9319500
26900,400,600,"bu","11:06:26",9320100
26900,400,500,"bu","11:06:39",9320600
26900,400,7700,"sd","11:07:08",9328300
26950,450,100,"sd","11:07:20",9328400
26950,450,5500,"sd","11:07:49",9333900
26950,450,1000,"sd","11:07:57",9334900
26900,400,1600,"bu","11:08:12",9336500
26900,400,400,"sd","11:08:19",9336900
26900,400,100,"sd","11:08:24",9337000
26900,400,500,"sd","11:08:25",9337500
26950,450,1000,"sd","11:08:31",9338500
26900,400,12000,"sd","11:08:36",9350500
26900,400,400,"bu","11:08:37",9350900
26900,400,200,"sd","11:08:41",9351100
26900,400,1000,"sd","11:08:55",9352100
26900,400,3000,"bu","11:08:58",9355100
26900,400,1000,"bu","11:09:05",9356100
26900,400,300,"sd","11:09:09",9356400
26900,400,44000,"bu","11:09:12",9400400
26900,400,10000,"sd","11:09:19",9410400
26900,400,10000,"sd","11:09:21",9420400
26900,400,7000,"bu","11:09:22",9427400
26900,400,29900,"sd","11:09:29",9457300
26900,400,1000,"sd","11:09:30",9458300
26900,400,15000,"bu","11:09:31",9473300
26900,400,22700,"sd","11:09:33",9496000
26850,350,2000,"bu","11:09:36",9498000
26850,350,600,"bu","11:09:54",9498600
26900,400,300,"sd","11:10:22",9498900
26850,350,1100,"bu","11:10:46",9500000
26850,350,200,"bu","11:10:48",9500200
26900,400,60200,"sd","11:11:08",9560400
26900,400,900,"sd","11:11:09",9561300
26900,400,1000,"sd","11:11:11",9562300
26900,400,9700,"bu","11:11:12",9572000
26900,400,1100,"bu","11:11:31",9573100
26900,400,20000,"bu","11:11:39",9593100
26900,400,2000,"bu","11:11:40",9595100
26900,400,800,"sd","11:11:45",9595900
26900,400,4800,"sd","11:11:48",9600700
26900,400,22200,"sd","11:11:57",9622900
26900,400,3000,"sd","11:12:06",9625900
26900,400,200,"sd","11:12:22",9626100
26900,400,2500,"bu","11:12:26",9628600
26900,400,1600,"sd","11:12:38",9630200
26900,400,500,"sd","11:12:45",9630700
26900,400,100,"sd","11:12:50",9630800
26900,400,5500,"bu","11:12:57",9636300
26900,400,500,"sd","11:13:01",9636800
26900,400,100,"bu","11:13:11",9636900
26950,450,100100,"bu","11:13:30",9737000
26900,400,500,"bu","11:13:42",9737500
26950,450,1300,"sd","11:13:50",9738800
26950,450,5500,"bu","11:13:53",9744300
26950,450,10800,"bu","11:14:06",9755100
26900,400,100,"bu","11:14:12",9755200
26950,450,5000,"sd","11:14:22",9760200
26950,450,200,"bu","11:14:41",9760400
26950,450,100,"sd","11:14:55",9760500
26950,450,20000,"sd","11:15:01",9780500
26950,450,100,"sd","11:15:06",9780600
26950,450,10000,"bu","11:15:15",9790600
26900,400,500,"sd","11:15:32",9791100
26950,450,1000,"sd","11:15:47",9792100
26950,450,211000,"sd","11:15:49",10003100
26900,400,1900,"sd","11:15:50",10005000
26950,450,1000,"sd","11:15:52",10006000
26950,450,15900,"sd","11:15:56",10021900
26900,400,6700,"sd","11:16:01",10028600
26900,400,500,"bu","11:16:05",10029100
26950,450,36400,"sd","11:16:07",10065500
26950,450,5300,"sd","11:16:10",10070800
26950,450,20000,"sd","11:16:11",10090800
26950,450,5000,"sd","11:16:12",10095800
26950,450,2800,"sd","11:16:14",10098600
26950,450,12800,"sd","11:16:15",10111400
26950,450,23400,"sd","11:16:18",10134800
26950,450,5000,"sd","11:16:19",10139800
26950,450,500,"sd","11:16:23",10140300
26950,450,4500,"bu","11:16:24",10144800
26950,450,1000,"sd","11:16:27",10145800
26950,450,100,"sd","11:16:28",10145900
26950,450,1000,"bu","11:16:32",10146900
26950,450,600,"sd","11:16:34",10147500
26950,450,19400,"bu","11:16:36",10166900
26950,450,500,"bu","11:16:37",10167400
27000,500,370000,"bu","11:16:42",10537400
26950,450,500,"bu","11:16:45",10537900
26950,450,1000,"bu","11:16:50",10538900
26950,450,5500,"sd","11:16:54",10544400
26950,450,500,"bu","11:16:57",10544900
26950,450,1000,"bu","11:17:05",10545900
26950,450,20000,"bu","11:17:10",10565900
26950,450,500,"bu","11:17:16",10566400
26950,450,3300,"sd","11:17:29",10569700
27000,500,11000,"sd","11:17:33",10580700
26950,450,5000,"bu","11:17:34",10585700
26950,450,500,"sd","11:17:37",10586200
26950,450,200,"bu","11:17:42",10586400
26950,450,500,"sd","11:17:46",10586900
27000,500,167200,"sd","11:17:50",10754100
27000,500,1000,"sd","11:17:52",10755100
27000,500,202300,"bu","11:17:53",10957400
27000,500,800,"sd","11:17:54",10958200
27000,500,2000,"sd","11:17:56",10960200
27000,500,13800,"bu","11:17:59",10974000
27000,500,2100,"sd","11:18:00",10976100
27000,500,10500,"sd","11:18:07",10986600
27000,500,600,"sd","11:18:10",10987200
27050,550,7000,"sd","11:18:15",10994200
27050,550,3400,"bu","11:18:16",10997600
27050,550,33000,"sd","11:18:17",11030600
27000,500,600,"bu","11:18:20",11031200
27050,550,5000,"sd","11:18:21",11036200
27000,500,5100,"sd","11:18:23",11041300
27050,550,7600,"bu","11:18:24",11048900
27050,550,63000,"bu","11:18:25",11111900
27050,550,1200,"bu","11:18:26",11113100
27000,500,1700,"bu","11:18:28",11114800
27000,500,2200,"bu","11:18:29",11117000
27050,550,1400,"sd","11:18:30",11118400
27050,550,17100,"sd","11:18:32",11135500
27050,550,5000,"sd","11:18:33",11140500
27050,550,5500,"sd","11:18:34",11146000
27050,550,6000,"bu","11:18:36",11152000
27050,550,50000,"bu","11:18:39",11202000
27050,550,3900,"sd","11:18:40",11205900
27050,550,20000,"sd","11:18:41",11225900
27050,550,500,"sd","11:18:42",11226400
27050,550,5400,"bu","11:18:44",11231800
27050,550,14100,"sd","11:18:45",11245900
27050,550,600,"bu","11:18:47",11246500
27050,550,3000,"bu","11:18:49",11249500
27050,550,300,"bu","11:18:50",11249800
27050,550,47000,"sd","11:18:51",11296800
27050,550,15700,"bu","11:18:53",11312500
27050,550,2100,"sd","11:18:58",11314600
27050,550,5300,"sd","11:18:59",11319900
27050,550,5100,"bu","11:19:00",11325000
27050,550,17300,"bu","11:19:01",11342300
27050,550,32400,"sd","11:19:04",11374700
27050,550,3000,"bu","11:19:10",11377700
27050,550,1600,"bu","11:19:11",11379300
27050,550,1100,"bu","11:19:13",11380400
27050,550,500,"bu","11:19:16",11380900
27050,550,2000,"sd","11:19:17",11382900
27050,550,31000,"bu","11:19:27",11413900
27050,550,1000,"sd","11:19:30",11414900
27050,550,200,"bu","11:19:31",11415100
27050,550,20500,"bu","11:19:33",11435600
27050,550,200,"bu","11:19:36",11435800
27050,550,300,"bu","11:19:37",11436100
27050,550,100,"bu","11:19:39",11436200
27100,600,400,"bu","11:19:41",11436600
27050,550,20200,"sd","11:19:47",11456800
27050,550,3500,"sd","11:19:51",11460300
27050,550,300,"bu","11:19:52",11460600
27050,550,400,"bu","11:19:53",11461000
27050,550,600,"sd","11:19:55",11461600
27050,550,200,"bu","11:20:00",11461800
27050,550,500,"bu","11:20:02",11462300
27050,550,1900,"sd","11:20:05",11464200
27050,550,10000,"bu","11:20:07",11474200
27050,550,500,"sd","11:20:08",11474700
27050,550,2100,"bu","11:20:09",11476800
27050,550,46700,"sd","11:20:17",11523500
27050,550,2000,"sd","11:20:18",11525500
27050,550,2800,"sd","11:20:19",11528300
27050,550,700,"bu","11:20:20",11529000
27100,600,3100,"sd","11:20:24",11532100
27050,550,5200,"sd","11:20:26",11537300
27050,550,500,"bu","11:20:29",11537800
27050,550,3900,"sd","11:20:30",11541700
27050,550,10000,"sd","11:20:32",11551700
27100,600,8000,"bu","11:20:38",11559700
27100,600,49400,"bu","11:20:39",11609100
27050,550,100,"sd","11:20:40",11609200
27100,600,5000,"bu","11:20:42",11614200
27100,600,100000,"bu","11:20:43",11714200
27100,600,500,"bu","11:20:45",11714700
27100,600,1000,"bu","11:20:46",11715700
27100,600,22000,"sd","11:20:47",11737700
27100,600,130300,"sd","11:20:49",11868000
27100,600,71600,"sd","11:20:50",11939600
27100,600,133100,"sd","11:20:51",12072700
27100,600,71800,"sd","11:20:53",12144500
27100,600,17100,"sd","11:20:54",12161600
27100,600,200,"sd","11:20:55",12161800
27100,600,53500,"bu","11:20:57",12215300
27100,600,55000,"bu","11:20:58",12270300
27100,600,27200,"sd","11:20:59",12297500
27100,600,22200,"bu","11:21:01",12319700
27100,600,12900,"bu","11:21:02",12332600
27100,600,1700,"sd","11:21:03",12334300
27100,600,7300,"sd","11:21:04",12341600
27100,600,9200,"sd","11:21:06",12350800
27100,600,40200,"bu","11:21:07",12391000
27100,600,2200,"sd","11:21:08",12393200
27100,600,600,"bu","11:21:10",12393800
27100,600,2000,"bu","11:21:11",12395800
27150,650,3500,"sd","11:21:13",12399300
27150,650,1000,"sd","11:21:18",12400300
27100,600,10000,"sd","11:21:24",12410300
27150,650,2000,"bu","11:21:25",12412300
27150,650,2000,"sd","11:21:27",12414300
27150,650,10000,"sd","11:21:28",12424300
27100,600,100,"sd","11:21:29",12424400
27150,650,600,"bu","11:21:31",12425000
27100,600,420200,"sd","11:21:32",12845200
27100,600,500,"sd","11:21:35",12845700
27150,650,2100,"sd","11:21:36",12847800
27150,650,13800,"bu","11:21:39",12861600
27150,650,2200,"bu","11:21:41",12863800
27150,650,3700,"sd","11:21:42",12867500
27150,650,500,"sd","11:21:44",12868000
27150,650,400,"bu","11:21:45",12868400
27150,650,29600,"sd","11:21:47",12898000
27200,700,3200,"bu","11:21:50",12901200
27150,650,1300,"sd","11:21:51",12902500
27150,650,1000,"sd","11:21:53",12903500
27150,650,100,"bu","11:21:54",12903600
27200,700,41300,"bu","11:21:56",12944900
27200,700,100000,"sd","11:21:57",13044900
27200,700,10000,"bu","11:21:59",13054900
27150,650,2400,"sd","11:22:00",13057300
27200,700,100,"bu","11:22:01",13057400
27200,700,4700,"bu","11:22:03",13062100
27200,700,106600,"sd","11:22:04",13168700
27200,700,3000,"bu","11:22:06",13171700
27200,700,2600,"sd","11:22:08",13174300
27200,700,2000,"sd","11:22:09",13176300
27200,700,101300,"bu","11:22:10",13277600
27200,700,100100,"bu","11:22:11",13377700
27200,700,70400,"bu","11:22:14",13448100
27200,700,10500,"bu","11:22:16",13458600
27200,700,7000,"sd","11:22:17",13465600
27200,700,16600,"sd","11:22:19",13482200
27200,700,40800,"bu","11:22:20",13523000
27200,700,7000,"bu","11:22:21",13530000
27200,700,300,"bu","11:22:23",13530300
27200,700,12100,"sd","11:22:24",13542400
27200,700,20800,"sd","11:22:25",13563200
27200,700,12000,"bu","11:22:27",13575200
27200,700,2500,"sd","11:22:28",13577700
27200,700,9800,"sd","11:22:30",13587500
27200,700,30100,"sd","11:22:32",13617600
27200,700,62700,"sd","11:22:34",13680300
27200,700,87300,"sd","11:22:36",13767600
27200,700,4900,"bu","11:22:38",13772500
27200,700,71100,"sd","11:22:39",13843600
27150,650,300300,"bu","11:22:41",14143900
27250,750,6100,"sd","11:22:42",14150000
27200,700,19800,"sd","11:22:44",14169800
27200,700,3900,"sd","11:22:45",14173700
27200,700,1500,"bu","11:22:47",14175200
27200,700,3100,"sd","11:22:49",14178300
27250,750,13500,"bu","11:22:52",14191800
27200,700,10700,"bu","11:22:55",14202500
27200,700,53000,"sd","11:22:56",14255500
27200,700,51500,"bu","11:23:04",14307000
27200,700,200,"sd","11:23:06",14307200
27200,700,7000,"sd","11:23:07",14314200
27250,750,5000,"bu","11:23:08",14319200
27200,700,1200,"sd","11:23:11",14320400
27200,700,10200,"bu","11:23:12",14330600
27200,700,200,"sd","11:23:14",14330800
27200,700,2000,"bu","11:23:15",14332800
27200,700,6000,"bu","11:23:16",14338800
27200,700,3900,"bu","11:23:17",14342700
27150,650,2100,"bu","11:23:20",14344800
27200,700,30800,"bu","11:23:22",14375600
27200,700,3700,"sd","11:23:23",14379300
27200,700,19000,"bu","11:23:25",14398300
27200,700,5400,"sd","11:23:28",14403700
27200,700,17800,"sd","11:23:29",14421500
27200,700,3700,"sd","11:23:32",14425200
27200,700,500,"sd","11:23:34",14425700
27150,650,305000,"bu","11:23:36",14730700
27200,700,2000,"bu","11:23:37",14732700
27200,700,2300,"bu","11:23:38",14735000
27150,650,13000,"sd","11:23:41",14748000
27200,700,3000,"sd","11:23:42",14751000
27150,650,10000,"sd","11:23:44",14761000
27150,650,299000,"bu","11:23:45",15060000
27150,650,1100,"sd","11:23:46",15061100
27150,650,200,"sd","11:23:50",15061300
27150,650,300,"sd","11:23:51",15061600
27150,650,5000,"sd","11:23:53",15066600
27100,600,3000,"sd","11:23:54",15069600
27150,650,1100,"sd","11:23:55",15070700
27100,600,1200,"sd","11:23:56",15071900
27100,600,9400,"bu","11:23:58",15081300
27100,600,1100,"bu","11:24:00",15082400
27100,600,2000,"sd","11:24:01",15084400
27100,600,1100,"sd","11:24:06",15085500
27100,600,2000,"bu","11:24:07",15087500
27100,600,1400,"bu","11:24:08",15088900
27100,600,1600,"bu","11:24:10",15090500
27100,600,2000,"sd","11:24:11",15092500
27050,550,19900,"bu","11:24:13",15112400
27050,550,1000,"sd","11:24:19",15113400
27050,550,5000,"sd","11:24:25",15118400
27000,500,2800,"sd","11:24:26",15121200
27000,500,3000,"bu","11:24:28",15124200
27000,500,2300,"bu","11:24:30",15126500
27000,500,11100,"sd","11:24:32",15137600
27000,500,10100,"sd","11:24:36",15147700
27000,500,2900,"bu","11:24:37",15150600
27000,500,1000,"sd","11:24:38",15151600
27000,500,100,"sd","11:24:39",15151700
27000,500,1700,"bu","11:24:42",15153400
27000,500,100,"bu","11:24:44",15153500
27000,500,9700,"bu","11:24:46",15163200
27000,500,800,"bu","11:24:49",15164000
27000,500,2700,"sd","11:24:53",15166700
27000,500,1000,"bu","11:24:56",15167700
27000,500,800,"sd","11:24:58",15168500
26950,450,5000,"bu","11:25:02",15173500
27000,500,100,"sd","11:25:06",15173600
27000,500,500,"sd","11:25:07",15174100
27000,500,5000,"bu","11:25:10",15179100
27000,500,4400,"bu","11:25:11",15183500
27000,500,100,"sd","11:25:22",15183600
27000,500,1400,"bu","11:25:25",15185000
26950,450,10000,"sd","11:25:31",15195000
27000,500,300,"sd","11:25:34",15195300
26950,450,1400,"bu","11:25:37",15196700
27000,500,200,"sd","11:25:43",15196900
27000,500,100,"bu","11:25:49",15197000
27000,500,1200,"sd","11:26:01",15198200
26950,450,3000,"bu","11:26:02",15201200
26950,450,100,"bu","11:26:05",15201300
26950,450,10100,"bu","11:26:09",15211400
27000,500,300,"bu","11:26:11",15211700
27000,500,100,"sd","11:26:14",15211800
26950,450,10000,"sd","11:26:22",15221800
27000,500,33000,"sd","11:26:30",15254800
27000,500,400,"bu","11:26:31",15255200
27000,500,3000,"sd","11:26:32",15258200
26950,450,1600,"bu","11:26:33",15259800
26950,450,10000,"bu","11:26:38",15269800
27000,500,10200,"sd","11:26:40",15280000
27000,500,2600,"bu","11:26:41",15282600
27000,500,300,"bu","11:26:43",15282900
27000,500,2700,"sd","11:26:45",15285600
27000,500,14300,"bu","11:26:49",15299900
27000,500,900,"bu","11:26:51",15300800
27000,500,19800,"bu","11:26:54",15320600
27000,500,10000,"sd","11:26:58",15330600
27000,500,700,"bu","11:27:03",15331300
27050,550,10300,"sd","11:27:14",15341600
27000,500,100,"bu","11:27:15",15341700
27000,500,8400,"bu","11:27:17",15350100
27000,500,3000,"bu","11:27:32",15353100
27050,550,4200,"sd","11:27:35",15357300
27050,550,3000,"bu","11:27:46",15360300
27050,550,700,"sd","11:27:50",15361000
27050,550,22000,"bu","11:27:52",15383000
27050,550,1000,"bu","11:27:55",15384000
27050,550,1000,"sd","11:27:56",15385000
27050,550,3000,"sd","11:28:03",15388000
27050,550,100,"sd","11:28:05",15388100
27050,550,1000,"sd","11:28:06",15389100
27000,500,2500,"sd","11:28:09",15391600
27050,550,2000,"bu","11:28:12",15393600
27050,550,5800,"bu","11:28:13",15399400
27050,550,11000,"bu","11:28:19",15410400
27050,550,2000,"bu","11:28:21",15412400
27050,550,400,"sd","11:28:23",15412800
27050,550,200,"sd","11:28:24",15413000
27050,550,5000,"sd","11:28:27",15418000
27050,550,10000,"bu","11:28:29",15428000
27050,550,4700,"bu","11:28:30",15432700
27050,550,300,"sd","11:28:36",15433000
27050,550,2000,"sd","11:28:38",15435000
27050,550,700,"bu","11:28:41",15435700
27050,550,3000,"bu","11:28:45",15438700
27000,500,10000,"sd","11:28:46",15448700
27050,550,3000,"sd","11:28:47",15451700
27050,550,100,"bu","11:28:55",15451800
27050,550,1000,"sd","11:28:56",15452800
27050,550,200,"bu","11:29:00",15453000
27050,550,500,"bu","11:29:05",15453500
27050,550,5000,"sd","11:29:07",15458500
27050,550,200,"sd","11:29:10",15458700
27050,550,300,"bu","11:29:11",15459000
27050,550,900,"sd","11:29:16",15459900
27050,550,2300,"bu","11:29:21",15462200
27000,500,2000,"bu","11:29:33",15464200
27050,550,2000,"sd","11:29:40",15466200
27050,550,100,"sd","11:29:50",15466300
27000,500,900,"bu","11:30:01",15467200
27000,500,1000,"sd","11:30:04",15468200
27050,550,6500,"sd","13:00:19",15474700
27000,500,12300,"bu","13:00:20",15487000
27000,500,8900,"sd","13:00:22",15495900
27000,500,300,"sd","13:00:24",15496200
27000,500,1800,"sd","13:00:24",15498000
27000,500,7700,"bu","13:00:26",15505700
27050,550,5000,"bu","13:00:28",15510700
27000,500,12000,"bu","13:00:32",15522700
27000,500,900,"sd","13:00:37",15523600
27050,550,1000,"bu","13:00:39",15524600
27000,500,1200,"bu","13:00:39",15525800
27000,500,100,"sd","13:00:40",15525900
27000,500,16500,"bu","13:00:43",15542400
27050,550,8000,"sd","13:00:45",15550400
27000,500,11000,"sd","13:00:46",15561400
27000,500,19400,"sd","13:00:46",15580800
27000,500,1100,"bu","13:00:47",15581900
27000,500,700,"sd","13:00:50",15582600
27000,500,5200,"bu","13:00:51",15587800
27000,500,3200,"bu","13:00:52",15591000
27050,550,400,"sd","13:00:53",15591400
27000,500,1000,"bu","13:00:54",15592400
27000,500,4500,"bu","13:00:56",15596900
27000,500,300,"sd","13:00:57",15597200
27000,500,2700,"sd","13:00:58",15599900
27000,500,4800,"sd","13:00:59",15604700
27000,500,14200,"sd","13:01:00",15618900
27000,500,300,"sd","13:01:01",15621400
27050,550,200,"sd","13:01:02",15621600
27000,500,100,"sd","13:01:03",15621700
27000,500,8200,"sd","13:01:04",15629900
27000,500,4400,"bu","13:01:05",15634300
27000,500,7000,"sd","13:01:07",15641300
27000,500,21000,"bu","13:01:09",15662300
27050,550,17000,"sd","13:01:10",15679300
27050,550,40000,"sd","13:01:11",15719300
27050,550,19000,"sd","13:01:12",15738300
27050,550,200,"sd","13:01:13",15738500
27100,600,5600,"bu","13:01:14",15744100
27050,550,1500,"sd","13:01:17",15745600
27100,600,4000,"sd","13:01:19",15749600
27050,550,100,"bu","13:01:25",15749700
27050,550,4800,"bu","13:01:32",15754500
27050,550,5800,"bu","13:01:35",15760300
27050,550,2000,"bu","13:01:36",15762300
27050,550,10200,"sd","13:01:39",15772500
27050,550,2000,"sd","13:01:40",15774500
27050,550,5000,"sd","13:01:41",15779500
27050,550,1400,"sd","13:01:42",15780900
27050,550,2500,"bu","13:01:44",15783400
27050,550,200,"bu","13:01:48",15783600
27050,550,1400,"bu","13:01:49",15785000
27050,550,5900,"sd","13:01:50",15790900
27100,600,100100,"bu","13:01:54",15891000
27050,550,2200,"bu","13:01:56",15893200
27100,600,400,"bu","13:01:57",15893600
27050,550,5000,"bu","13:01:58",15898600
27050,550,400,"sd","13:02:01",15899000
27100,600,5000,"bu","13:02:13",15904000
27100,600,77000,"sd","13:02:14",15981000
27100,600,300,"sd","13:02:18",15981300
27100,600,1000,"sd","13:02:21",15982300
27100,600,2000,"sd","13:02:22",15984300
27100,600,28000,"sd","13:02:24",16012300
27100,600,1000,"bu","13:02:27",16013300
27100,600,2300,"bu","13:02:32",16015600
27050,550,300,"bu","13:02:33",16015900
27100,600,9800,"sd","13:02:35",16025700
27100,600,300,"sd","13:02:37",16026000
27100,600,1300,"sd","13:02:39",16027300
27100,600,1000,"sd","13:02:53",16028300
27100,600,50100,"sd","13:03:03",16078400
27100,600,200,"bu","13:03:05",16078600
27100,600,18500,"bu","13:03:07",16097100
27100,600,2300,"bu","13:03:09",16099400
27100,600,500,"sd","13:03:10",16099900
27100,600,2400,"bu","13:03:13",16102300
27100,600,100,"bu","13:03:16",16102400
27100,600,33200,"sd","13:03:17",16135600
27100,600,900,"sd","13:03:19",16136500
27100,600,100,"bu","13:03:21",16136600
27100,600,50000,"sd","13:03:25",16186600
27100,600,400,"sd","13:03:32",16187000
27100,600,3000,"sd","13:03:33",16190000
27100,600,100,"bu","13:03:38",16190100
27050,550,65800,"sd","13:03:49",16255900
27050,550,100,"sd","13:03:51",16256000
27050,550,300,"bu","13:03:53",16256300
27050,550,1200,"bu","13:03:54",16257500
27050,550,19800,"sd","13:04:00",16277300
27050,550,2000,"sd","13:04:01",16279300
27100,600,10700,"sd","13:04:03",16290000
27050,550,1000,"sd","13:04:04",16291000
27050,550,3000,"sd","13:04:05",16294000
27050,550,5700,"sd","13:04:07",16299700
27050,550,8500,"bu","13:04:09",16308200
27050,550,500,"bu","13:04:12",16308700
27050,550,1500,"sd","13:04:18",16310200
27050,550,2100,"sd","13:04:19",16312300
27050,550,100,"sd","13:04:20",16312400
27050,550,1100,"sd","13:04:24",16313500
27050,550,500,"sd","13:04:26",16314000
27100,600,5400,"sd","13:04:31",16319400
27100,600,50000,"bu","13:04:33",16369400
27100,600,7200,"bu","13:04:37",16376600
27100,600,4000,"bu","13:04:39",16380600
27100,600,3500,"sd","13:04:41",16384100
27050,550,5000,"bu","13:04:46",16389100
27100,600,100000,"bu","13:04:49",16489100
27100,600,4500,"sd","13:04:51",16493600
27100,600,20000,"bu","13:04:52",16513600
27100,600,11000,"sd","13:04:54",16524600
27100,600,41000,"bu","13:04:55",16565600
27100,600,25700,"bu","13:04:58",16591300
27100,600,100,"bu","13:04:59",16591400
27100,600,1000,"sd","13:05:00",16592400
27100,600,19800,"sd","13:05:04",16612200
27100,600,2000,"bu","13:05:05",16614200
27100,600,11000,"bu","13:05:08",16625200
27100,600,4700,"bu","13:05:11",16629900
27100,600,2500,"sd","13:05:14",16632400
27100,600,3900,"bu","13:05:15",16636300
27100,600,20000,"bu","13:05:17",16656300
27100,600,1500,"sd","13:05:18",16657800
27100,600,200,"sd","13:05:20",16658000
27100,600,100,"bu","13:05:21",16658100
27150,650,800,"bu","13:05:24",16658900
27100,600,100,"sd","13:05:26",16659000
27100,600,300,"bu","13:05:27",16659300
27150,650,17200,"sd","13:05:29",16676500
27100,600,100,"sd","13:05:30",16676600
27100,600,1100,"sd","13:05:38",16677700
27100,600,900,"bu","13:05:40",16678600
27100,600,3000,"bu","13:05:41",16681600
27100,600,200,"bu","13:05:43",16681800
27100,600,39100,"sd","13:05:49",16720900
27100,600,2000,"sd","13:05:50",16722900
27100,600,12000,"sd","13:05:52",16734900
27150,650,4100,"sd","13:05:54",16739000
27100,600,1100,"bu","13:05:55",16740100
27100,600,24000,"bu","13:05:56",16764100
27100,600,4000,"bu","13:05:59",16768100
27100,600,500,"bu","13:06:04",16768600
27100,600,7700,"sd","13:06:09",16776300
27100,600,20000,"sd","13:06:13",16796300
27100,600,2200,"bu","13:06:16",16798500
27100,600,29400,"bu","13:06:21",16827900
27100,600,70600,"sd","13:06:23",16898500
27100,600,5000,"bu","13:06:24",16903500
27100,600,12000,"sd","13:06:25",16915500
27100,600,700,"sd","13:06:36",16916200
27100,600,1500,"sd","13:06:41",16917700
27050,550,600,"sd","13:06:48",16918300
27100,600,2000,"bu","13:06:49",16920300
27100,600,200,"sd","13:06:50",16920500
27050,550,1000,"sd","13:06:58",16921500
27100,600,7400,"sd","13:06:59",16928900
27050,550,4000,"sd","13:07:03",16932900
27050,550,1000,"bu","13:07:06",16933900
27050,550,2800,"sd","13:07:16",16936700
27050,550,1900,"sd","13:07:21",16938600
27050,550,800,"bu","13:07:28",16939400
27050,550,500,"bu","13:07:31",16939900
27100,600,400,"sd","13:07:36",16940300
27050,550,19500,"bu","13:07:37",16959800
27050,550,100,"sd","13:07:39",16959900
27050,550,1500,"sd","13:07:50",16961400
27050,550,2000,"sd","13:07:52",16963400
27050,550,3000,"sd","13:07:55",16966400
27050,550,100,"sd","13:07:57",16966500
27050,550,30100,"sd","13:08:02",16996600
27050,550,1900,"sd","13:08:04",16998500
27050,550,100,"sd","13:08:05",16998600
27050,550,26700,"bu","13:08:08",17025300
27050,550,5400,"bu","13:08:13",17030700
27050,550,2400,"sd","13:08:14",17033100
27050,550,4300,"sd","13:08:16",17037400
27100,600,600,"sd","13:08:17",17038000
27050,550,5600,"sd","13:08:19",17043600
27050,550,13300,"sd","13:08:22",17056900
27050,550,1500,"sd","13:08:25",17058400
27050,550,36700,"bu","13:08:26",17095100
27050,550,1400,"sd","13:08:40",17096500
27050,550,2300,"sd","13:08:47",17098800
27000,500,10000,"sd","13:08:50",17108800
27000,500,1600,"bu","13:08:54",17110400
27000,500,1200,"sd","13:08:57",17111600
27050,550,1200,"bu","13:08:59",17112800
27050,550,6000,"sd","13:09:00",17118800
27000,500,9500,"bu","13:09:04",17128300
27000,500,1600,"bu","13:09:09",17129900
27000,500,100,"bu","13:09:15",17130000
27050,550,1200,"sd","13:09:16",17131200
27050,550,5000,"sd","13:09:27",17136200
27050,550,3000,"sd","13:09:31",17139200
27000,500,600,"bu","13:09:32",17139800
27050,550,1100,"sd","13:09:36",17140900
27050,550,18000,"sd","13:09:40",17158900
27050,550,80000,"sd","13:09:42",17238900
27050,550,300,"sd","13:09:43",17239200
27000,500,1000,"sd","13:09:45",17240200
27050,550,15700,"sd","13:09:46",17255900
27050,550,20000,"sd","13:09:50",17275900
27050,550,100,"bu","13:09:51",17276000
27050,550,16500,"bu","13:09:54",17292500
27050,550,2000,"sd","13:09:59",17294500
27050,550,1000,"bu","13:10:00",17295500
27050,550,500,"bu","13:10:02",17296000
27050,550,47400,"bu","13:10:06",17343400
27050,550,17000,"sd","13:10:15",17360400
27050,550,16000,"bu","13:10:17",17376400
27050,550,900,"bu","13:10:18",17377300
27050,550,600,"sd","13:10:23",17377900
27050,550,800,"sd","13:10:30",17378700
27050,550,1900,"sd","13:10:32",17380600
27000,500,100,"sd","13:10:39",17380700
27000,500,12000,"bu","13:10:42",17392700
27000,500,3000,"sd","13:10:47",17395700
27050,550,2200,"sd","13:10:53",17397900
27000,500,3000,"bu","13:11:07",17400900
27000,500,3600,"bu","13:11:17",17404500
27000,500,2900,"bu","13:11:22",17407400
27050,550,500,"sd","13:11:27",17407900
27050,550,1100,"bu","13:11:34",17409000
27000,500,500,"bu","13:11:36",17409500
27050,550,100,"bu","13:11:39",17409600
27000,500,5800,"sd","13:11:44",17415400
27050,550,100,"bu","13:11:55",17415500
27000,500,10000,"sd","13:11:59",17425500
27000,500,2000,"bu","13:12:10",17427500
27000,500,500,"bu","13:12:12",17428000
27000,500,12000,"sd","13:12:16",17440000
27000,500,1000,"bu","13:12:18",17441000
27000,500,100,"bu","13:12:21",17441100
27000,500,2000,"sd","13:12:31",17443100
27000,500,100,"sd","13:12:35",17443200
27000,500,6000,"sd","13:12:43",17449200
27000,500,3000,"bu","13:12:45",17452200
27000,500,9100,"sd","13:12:46",17461300
27000,500,300,"sd","13:12:56",17461600
27000,500,1700,"sd","13:13:00",17463300
27000,500,2600,"sd","13:13:01",17465900
27050,550,3300,"bu","13:13:04",17469200
27050,550,132300,"sd","13:13:15",17601500
27050,550,67700,"sd","13:13:17",17669200
27050,550,400,"bu","13:13:18",17669600
27050,550,7000,"bu","13:13:21",17676600
27050,550,30300,"bu","13:13:23",17706900
27050,550,600,"bu","13:13:24",17707500
27050,550,12000,"sd","13:13:26",17719500
27050,550,2800,"sd","13:13:28",17722300
27050,550,100,"sd","13:13:34",17722400
27050,550,1000,"sd","13:13:36",17723400
27050,550,2800,"bu","13:13:39",17726200
27050,550,5000,"sd","13:13:43",17731200
27050,550,55500,"sd","13:13:46",17786700
27050,550,1100,"bu","13:13:51",17787800
27050,550,500,"sd","13:14:00",17788300
27100,600,100,"bu","13:14:02",17788400
27050,550,10200,"sd","13:14:10",17798600
27050,550,50500,"bu","13:14:17",17849100
27100,600,12100,"sd","13:14:23",17861200
27050,550,2000,"bu","13:14:25",17863200
27050,550,5000,"sd","13:14:33",17868200
27050,550,600,"bu","13:14:39",17868800
27050,550,300,"sd","13:14:41",17869100
27050,550,10000,"sd","13:14:42",17879100
27050,550,1000,"sd","13:14:44",17880100
27050,550,10000,"bu","13:14:45",17890100
27050,550,2000,"sd","13:14:47",17892100
27050,550,100,"bu","13:14:49",17892200
27050,550,11000,"bu","13:14:50",17903200
27050,550,2500,"bu","13:14:51",17905700
27050,550,3100,"sd","13:14:53",17908800
27050,550,62100,"sd","13:14:55",17970900
27000,500,100,"bu","13:15:01",17971000
27000,500,5300,"bu","13:15:09",17976300
27050,550,5000,"bu","13:15:13",17981300
27050,550,4400,"bu","13:15:16",17985700
27050,550,1000,"bu","13:15:21",17986700
27000,500,100,"bu","13:15:27",17986800
27050,550,3100,"bu","13:15:32",17989900
27050,550,800,"sd","13:15:33",17990700
27050,550,6200,"bu","13:15:36",17996900
27050,550,15700,"sd","13:15:50",18012600
27050,550,20000,"sd","13:15:53",18032600
27050,550,2300,"sd","13:16:00",18034900
27000,500,5000,"bu","13:16:04",18039900
27050,550,300,"bu","13:16:13",18040200
27000,500,500,"sd","13:16:14",18040700
27000,500,1000,"sd","13:16:24",18041700
27000,500,2100,"bu","13:16:28",18043800
27000,500,1000,"bu","13:16:35",18044800
27000,500,5000,"sd","13:16:36",18049800
27000,500,200,"sd","13:16:39",18050000
27000,500,14200,"sd","13:16:47",18064200
27000,500,500,"bu","13:16:49",18064700
27000,500,12100,"bu","13:16:50",18076800
27000,500,1600,"sd","13:16:53",18078400
27000,500,9200,"sd","13:17:00",18087600
27000,500,500,"bu","13:17:01",18088100
27000,500,400,"sd","13:17:02",18088500
27000,500,1200,"sd","13:17:09",18089700
27050,550,12000,"sd","13:17:12",18101700
27050,550,1000,"bu","13:17:18",18102700
27000,500,348500,"bu","13:17:26",18451200
27000,500,26000,"sd","13:17:30",18477200
27000,500,4100,"sd","13:17:32",18481300
27000,500,22400,"sd","13:17:35",18503700
27000,500,700,"sd","13:17:39",18504400
27000,500,4400,"bu","13:17:41",18508800
27000,500,5000,"bu","13:17:42",18513800
27000,500,10200,"sd","13:17:45",18524000
27000,500,1000,"sd","13:17:47",18525000
27000,500,3900,"sd","13:17:50",18528900
27000,500,100,"sd","13:17:52",18529000
27000,500,9400,"bu","13:17:57",18538400
27000,500,2800,"sd","13:17:58",18541200
27000,500,3200,"sd","13:18:00",18544400
27000,500,13300,"bu","13:18:01",18557700
27000,500,2000,"bu","13:18:03",18559700
27000,500,3000,"bu","13:18:05",18562700
27000,500,1000,"bu","13:18:06",18563700
27000,500,1200,"sd","13:18:08",18564900
27000,500,2000,"bu","13:18:13",18566900
27000,500,5100,"bu","13:18:18",18572000
27000,500,1000,"sd","13:18:20",18573000
27000,500,2800,"bu","13:18:28",18575800
27000,500,7000,"bu","13:18:29",18582800
27000,500,1500,"sd","13:18:32",18584300
27000,500,500,"bu","13:18:34",18584800
27000,500,6000,"bu","13:18:36",18590800
27000,500,100,"bu","13:18:39",18590900
27000,500,700,"bu","13:18:47",18591600
27000,500,100,"bu","13:18:53",18591700
27000,500,2200,"bu","13:18:54",18593900
27000,500,1200,"sd","13:19:03",18595100
27000,500,400,"bu","13:19:06",18595500
27000,500,18000,"sd","13:19:08",18613500
27000,500,2600,"sd","13:19:13",18616100
27000,500,700,"sd","13:19:15",18616800
27050,550,100,"bu","13:19:16",18616900
27100,600,202100,"sd","13:19:26",18819000
27100,600,30000,"sd","13:19:28",18849000
27050,550,300,"sd","13:19:31",18849300
27050,550,1400,"bu","13:19:46",18850700
27100,600,100,"bu","13:19:48",18850800
27100,600,18700,"bu","13:19:56",18869500
27050,550,20000,"sd","13:19:58",18889500
27100,600,7300,"sd","13:20:01",18896800
27050,550,400,"bu","13:20:04",18897200
27050,550,1300,"bu","13:20:07",18898500
27050,550,300,"bu","13:20:12",18898800
27100,600,1800,"sd","13:20:28",18900600
27100,600,300,"bu","13:20:33",18900900
27100,600,3400,"bu","13:20:43",18904300
27100,600,200,"bu","13:20:48",18904500
27100,600,500,"sd","13:20:51",18905000
27050,550,1000,"sd","13:20:54",18906000
27100,600,4000,"sd","13:20:57",18910000
27100,600,500,"bu","13:21:03",18910500
27100,600,2000,"sd","13:21:09",18912500
27100,600,111000,"bu","13:21:13",19023500
27100,600,2100,"bu","13:21:15",19025600
27100,600,3000,"sd","13:21:17",19028600
27100,600,2100,"bu","13:21:18",19030700
27100,600,13200,"sd","13:21:20",19043900
27100,600,1400,"bu","13:21:22",19045300
27100,600,300,"sd","13:21:23",19045600
27100,600,14600,"bu","13:21:35",19060200
27100,600,600,"sd","13:21:40",19060800
27150,650,500,"bu","13:21:55",19061300
27100,600,500,"sd","13:21:57",19061800
27100,600,2600,"sd","13:22:12",19064400
27100,600,9300,"sd","13:22:38",19073700
27150,650,400,"bu","13:22:42",19074100
27150,650,27000,"sd","13:22:43",19101100
27150,650,300000,"sd","13:22:52",19401100
27150,650,2300,"sd","13:22:53",19403400
27150,650,31000,"bu","13:22:55",19434400
27200,700,32400,"bu","13:22:57",19466800
27200,700,300,"sd","13:23:02",19467100
27150,650,400,"sd","13:23:06",19467500
27150,650,6000,"sd","13:23:07",19473500
27150,650,10000,"sd","13:23:09",19483500
27150,650,200,"sd","13:23:15",19483700
27200,700,4700,"bu","13:23:20",19488400
27150,650,600,"bu","13:23:22",19489000
27150,650,1100,"bu","13:23:24",19490100
27200,700,700,"bu","13:23:29",19490800
27150,650,21200,"sd","13:23:32",19512000
27150,650,1000,"sd","13:23:35",19513000
27200,700,700,"sd","13:23:39",19513700
27150,650,80400,"sd","13:23:44",19594100
27150,650,10000,"sd","13:23:47",19604100
27150,650,1300,"sd","13:23:49",19605400
27200,700,10200,"sd","13:23:52",19615600
27200,700,14400,"bu","13:23:55",19630000
27150,650,5000,"bu","13:23:57",19635000
27200,700,300,"sd","13:23:58",19635300
27200,700,10000,"bu","13:24:01",19645300
27200,700,100,"sd","13:24:04",19645400
27200,700,200,"bu","13:24:06",19645600
27150,650,36200,"bu","13:24:09",19681800
27200,700,1000,"bu","13:24:11",19682800
27150,650,1000,"bu","13:24:12",19683800
27150,650,10000,"bu","13:24:14",19693800
27150,650,3100,"sd","13:24:16",19696900
27150,650,700,"sd","13:24:17",19697600
27150,650,500,"sd","13:24:19",19698100
27200,700,100,"bu","13:24:20",19698200
27200,700,6500,"sd","13:24:22",19704700
27150,650,10600,"sd","13:24:27",19715300
27150,650,200,"sd","13:24:28",19715500
27150,650,8100,"sd","13:24:30",19723600
27150,650,400,"bu","13:24:34",19724000
27150,650,100,"sd","13:24:35",19724100
27150,650,1300,"sd","13:24:44",19725400
27150,650,77000,"sd","13:24:48",19802400
27150,650,10500,"bu","13:24:53",19812900
27150,650,1100,"sd","13:24:59",19814000
27150,650,1000,"bu","13:25:02",19815000
27150,650,5000,"sd","13:25:05",19820000
27100,600,1000,"bu","13:25:09",19821000
27150,650,4000,"bu","13:25:14",19825000
27150,650,700,"sd","13:25:25",19825700
27100,600,300,"bu","13:25:27",19826000
27150,650,3000,"sd","13:25:36",19829000
27100,600,500,"bu","13:25:38",19829500
27150,650,200,"bu","13:25:40",19829700
27100,600,100,"bu","13:25:41",19829800
27100,600,11100,"bu","13:25:54",19840900
27100,600,500,"sd","13:25:57",19841400
27100,600,10100,"bu","13:25:59",19851500
27100,600,1000,"bu","13:26:04",19852500
27100,600,100,"bu","13:26:09",19852600
27100,600,400,"bu","13:26:11",19853000
27100,600,200,"sd","13:26:12",19853200
27100,600,500,"bu","13:26:14",19853700
27100,600,1000,"bu","13:26:16",19854700
27100,600,7000,"bu","13:26:18",19861700
27100,600,1000,"sd","13:26:21",19862700
27100,600,2500,"sd","13:26:25",19865200
27100,600,500,"sd","13:26:30",19865700
27100,600,18200,"sd","13:26:31",19883900
27100,600,1000,"sd","13:26:35",19884900
27100,600,1500,"sd","13:26:41",19886400
27100,600,5100,"bu","13:26:42",19891500
27100,600,5500,"bu","13:26:50",19897000
27150,650,1500,"bu","13:26:54",19898500
27100,600,15500,"sd","13:26:57",19914000
27100,600,2100,"bu","13:26:59",19916100
27100,600,2300,"sd","13:27:07",19918400
27100,600,1100,"sd","13:27:10",19919500
27100,600,2000,"sd","13:27:12",19921500
27100,600,1000,"bu","13:27:15",19922500
27100,600,5000,"bu","13:27:19",19927500
27100,600,4300,"bu","13:27:20",19931800
27100,600,20000,"bu","13:27:25",19951800
27100,600,1600,"bu","13:27:27",19953400
27100,600,100,"bu","13:27:28",19953500
27100,600,900,"bu","13:27:32",19954400
27050,550,9000,"sd","13:27:33",19963400
27100,600,100,"bu","13:27:39",19963500
27100,600,300,"bu","13:27:40",19963800
27050,550,5000,"sd","13:27:51",19968800
27050,550,83000,"sd","13:28:04",20051800
27050,550,5000,"sd","13:28:06",20056800
27050,550,13100,"sd","13:28:13",20069900
27050,550,22000,"bu","13:28:15",20091900
27050,550,500,"bu","13:28:23",20092400
27050,550,5000,"bu","13:28:25",20097400
27050,550,800,"bu","13:28:42",20098200
27100,600,1500,"bu","13:28:44",20099700
27100,600,1200,"bu","13:28:49",20100900
27050,550,2000,"sd","13:28:51",20102900
27100,600,4800,"bu","13:28:54",20107700
27050,550,10700,"sd","13:28:56",20118400
27050,550,1000,"bu","13:28:59",20119400
27050,550,900,"bu","13:29:02",20120300
27100,600,4100,"bu","13:29:06",20124400
27050,550,600,"bu","13:29:11",20125000
27100,600,8800,"sd","13:29:13",20133800
27050,550,3000,"bu","13:29:22",20136800
27050,550,5000,"bu","13:29:27",20141800
27100,600,1000,"sd","13:29:32",20142800
27050,550,500,"bu","13:29:43",20143300
27100,600,100,"sd","13:29:44",20143400
27050,550,200,"bu","13:29:51",20143600
27100,600,900,"bu","13:29:57",20144500
27100,600,1000,"bu","13:30:02",20145500
27050,550,2000,"bu","13:30:06",20147500
27100,600,1000,"bu","13:30:07",20148500
27050,550,100,"bu","13:30:11",20148600
27050,550,300,"sd","13:30:16",20148900
27050,550,100,"bu","13:30:20",20149000
27050,550,10000,"sd","13:30:34",20159000
27050,550,100,"sd","13:30:35",20159100
27050,550,2300,"sd","13:30:45",20161400
27050,550,101600,"sd","13:30:58",20263000
27050,550,5000,"bu","13:31:02",20268000
27050,550,15000,"sd","13:31:05",20283000
27050,550,2800,"sd","13:31:07",20285800
27050,550,1000,"sd","13:31:08",20286800
27050,550,50100,"bu","13:31:12",20336900
27050,550,600,"sd","13:31:18",20337500
27050,550,200,"sd","13:31:20",20337700
27050,550,1900,"bu","13:31:32",20339600
27050,550,5300,"bu","13:31:36",20344900
27050,550,1000,"bu","13:31:39",20345900
27050,550,6000,"sd","13:31:43",20351900
27050,550,1000,"sd","13:31:48",20352900
27050,550,30200,"sd","13:31:51",20383100
27050,550,100,"bu","13:31:53",20383200
27050,550,26500,"bu","13:31:55",20409700
27050,550,7000,"bu","13:31:57",20416700
27100,600,100,"sd","13:31:58",20416800
27050,550,1000,"sd","13:32:00",20417800
27050,550,100,"sd","13:32:02",20417900
27050,550,7500,"sd","13:32:03",20425400
27050,550,5000,"bu","13:32:05",20430400
27050,550,500,"bu","13:32:07",20430900
27050,550,71000,"bu","13:32:10",20501900
27050,550,2000,"bu","13:32:11",20503900
27050,550,3700,"sd","13:32:13",20507600
27100,600,53500,"bu","13:32:14",20561100
27050,550,500,"bu","13:32:19",20561600
27050,550,9200,"bu","13:32:23",20570800
27050,550,2400,"sd","13:32:26",20573200
27050,550,1000,"bu","13:32:29",20574200
27050,550,15400,"sd","13:32:33",20589600
27050,550,1100,"bu","13:32:38",20590700
27050,550,3800,"bu","13:32:39",20594500
27100,600,300,"bu","13:32:41",20594800
27050,550,3000,"sd","13:32:45",20597800
27050,550,400,"sd","13:32:53",20598200
27050,550,2000,"bu","13:32:57",20600200
27050,550,3100,"bu","13:33:02",20603300
27050,550,500,"bu","13:33:06",20603800
27050,550,1000,"bu","13:33:09",20604800
27050,550,100,"bu","13:33:11",20604900
27050,550,1000,"sd","13:33:12",20605900
27050,550,300,"bu","13:33:14",20606200
27050,550,5500,"sd","13:33:16",20611700
27050,550,1900,"bu","13:33:19",20613600
27050,550,100,"bu","13:33:20",20613700
27050,550,1000,"bu","13:33:24",20614700
27050,550,400,"bu","13:33:27",20615100
27050,550,1000,"bu","13:33:31",20616100
27050,550,2200,"bu","13:33:38",20618300
27050,550,2000,"sd","13:33:40",20620300
27050,550,200,"bu","13:33:42",20620500
27000,500,35000,"sd","13:33:48",20655500
27050,550,100,"bu","13:33:52",20655600
27000,500,50000,"bu","13:33:55",20705600
27000,500,1000,"bu","13:34:00",20706600
27050,550,10000,"bu","13:34:03",20716600
27000,500,3000,"bu","13:34:05",20719600
27000,500,11700,"bu","13:34:07",20731300
27050,550,10000,"sd","13:34:10",20741300
27000,500,56700,"sd","13:34:12",20798000
27000,500,2000,"bu","13:34:14",20800000
27050,550,3000,"sd","13:34:24",20803000
27000,500,3000,"bu","13:34:30",20806000
27050,550,100,"bu","13:34:32",20806100
27050,550,500,"sd","13:34:44",20806600
27000,500,7500,"sd","13:35:05",20814100
27000,500,2000,"sd","13:35:17",20816100
27000,500,500,"sd","13:35:21",20816600
27000,500,6000,"bu","13:35:22",20822600
27000,500,100,"bu","13:35:26",20822700
27000,500,600,"sd","13:35:39",20823300
27000,500,5500,"bu","13:35:42",20828800
27000,500,1000,"bu","13:35:46",20829800
27000,500,500,"bu","13:35:58",20830300
27000,500,100,"sd","13:36:00",20830400
27000,500,1000,"sd","13:36:03",20831400
27000,500,5000,"bu","13:36:05",20836400
27000,500,200,"sd","13:36:09",20836600
27000,500,1300,"bu","13:36:20",20837900
27000,500,2100,"sd","13:36:25",20840000
27000,500,100,"sd","13:36:27",20840100
27000,500,500,"bu","13:36:31",20840600
27000,500,1000,"sd","13:36:36",20841600
27050,550,500,"sd","13:36:38",20842100
27000,500,100,"bu","13:36:40",20842200
27050,550,10100,"sd","13:36:43",20852300
27050,550,15000,"bu","13:36:54",20867300
27000,500,4700,"sd","13:36:58",20872000
27000,500,1000,"bu","13:37:03",20873000
27050,550,1000,"bu","13:37:04",20874000
27000,500,2000,"sd","13:37:13",20876000
27050,550,300,"bu","13:37:19",20876300
27050,550,2000,"bu","13:37:21",20878300
27000,500,3100,"sd","13:37:24",20881400
27000,500,1000,"sd","13:37:28",20882400
27000,500,200,"sd","13:37:34",20882600
27000,500,800,"sd","13:37:40",20883400
27000,500,600,"sd","13:37:45",20884000
27000,500,300,"bu","13:37:48",20884300
27000,500,5000,"bu","13:37:50",20889300
27000,500,600,"bu","13:37:54",20889900
27000,500,1000,"sd","13:37:56",20890900
27000,500,1300,"bu","13:37:59",20892200
27000,500,100,"bu","13:38:03",20892300
27000,500,1300,"bu","13:38:06",20893600
27000,500,1000,"sd","13:38:17",20894600
27000,500,2300,"bu","13:38:23",20896900
27000,500,1000,"sd","13:38:27",20897900
27000,500,400,"sd","13:38:28",20898300
27000,500,900,"sd","13:38:30",20899200
27000,500,1000,"bu","13:38:43",20900200
27000,500,500,"bu","13:38:46",20900700
27000,500,1100,"sd","13:38:48",20901800
27000,500,500,"sd","13:38:53",20902300
27000,500,100,"sd","13:38:56",20902400
27000,500,19900,"sd","13:39:01",20922300
27000,500,100,"sd","13:39:05",20922400
27000,500,7000,"sd","13:39:12",20929400
27050,550,200,"sd","13:39:17",20929600
27000,500,15100,"sd","13:39:35",20944700
27050,550,1800,"bu","13:39:37",20946500
27000,500,18000,"bu","13:39:49",20964500
27000,500,30000,"bu","13:40:02",20994500
27000,500,25000,"sd","13:40:04",21019500
27000,500,1000,"sd","13:40:07",21020500
27000,500,2000,"sd","13:40:10",21022500
27000,500,1000,"bu","13:40:17",21023500
27000,500,100,"bu","13:40:19",21023600
27000,500,42700,"sd","13:40:29",21066300
27050,550,2000,"bu","13:40:36",21068300
27000,500,3100,"sd","13:40:38",21071400
27000,500,1300,"sd","13:40:40",21072700
27000,500,30400,"bu","13:40:41",21103100
27000,500,9000,"sd","13:40:45",21112100
27000,500,13000,"bu","13:40:46",21125100
27000,500,31200,"sd","13:40:48",21156300
27000,500,100,"sd","13:40:52",21156400
27000,500,1000,"bu","13:40:54",21157400
27000,500,600,"sd","13:40:56",21158000
27000,500,1000,"bu","13:41:02",21159000
27000,500,200,"bu","13:41:08",21159200
26950,450,4400,"sd","13:41:09",21163600
26950,450,5000,"bu","13:41:18",21168600
26950,450,22500,"bu","13:41:25",21191100
26950,450,22000,"sd","13:41:27",21213100
27000,500,9200,"bu","13:41:29",21222300
26950,450,18700,"sd","13:41:45",21241000
26950,450,1500,"bu","13:41:50",21242500
26950,450,1100,"sd","13:41:54",21243600
26950,450,1000,"sd","13:42:02",21244600
26950,450,1100,"sd","13:42:10",21245700
26950,450,1400,"bu","13:42:12",21247100
26950,450,1200,"bu","13:42:19",21248300
26900,400,1200,"sd","13:42:21",21249500
26950,450,1800,"bu","13:42:23",21251300
26950,450,1300,"bu","13:42:24",21252600
26950,450,5000,"bu","13:42:26",21257600
26900,400,46400,"bu","13:42:28",21304000
26950,450,5300,"sd","13:42:30",21309300
26900,400,4000,"sd","13:42:37",21313300
26900,400,5000,"sd","13:42:48",21318300
26950,450,12600,"bu","13:42:49",21330900
26900,400,500,"bu","13:42:51",21331400
26950,450,15400,"sd","13:42:53",21346800
26950,450,3000,"sd","13:42:57",21349800
26950,450,1100,"bu","13:42:58",21350900
26950,450,10000,"bu","13:43:06",21360900
26950,450,700,"sd","13:43:11",21361600
26950,450,4300,"bu","13:43:18",21365900
26950,450,25000,"bu","13:43:20",21390900
26950,450,1000,"sd","13:43:21",21391900
26950,450,30000,"bu","13:43:25",21421900
26950,450,1000,"bu","13:43:27",21422900
26950,450,500,"sd","13:43:28",21423400
26950,450,4300,"sd","13:43:30",21427700
26950,450,700,"bu","13:43:35",21428400
27000,500,700,"bu","13:43:45",21429100
26950,450,10000,"sd","13:43:48",21439100
27000,500,3000,"sd","13:43:58",21442100
26950,450,4900,"bu","13:44:04",21447000
27000,500,500,"sd","13:44:26",21447500
26950,450,500,"sd","13:44:32",21448000
27000,500,3500,"sd","13:44:41",21451500
27000,500,3100,"bu","13:44:57",21454600
27000,500,2300,"sd","13:45:26",21456900
26950,450,10000,"bu","13:45:32",21466900
26950,450,2000,"sd","13:45:37",21468900
27000,500,1000,"bu","13:45:45",21469900
26950,450,10000,"sd","13:45:47",21479900
26950,450,100,"sd","13:45:48",21480000
26950,450,700,"bu","13:45:53",21480700
26950,450,2500,"sd","13:45:57",21483200
27000,500,1000,"bu","13:45:59",21484200
26950,450,5000,"bu","13:46:03",21489200
26950,450,100,"bu","13:46:12",21489300
26950,450,5000,"bu","13:46:16",21494300
26950,450,300,"sd","13:46:18",21494600
26950,450,4000,"sd","13:46:29",21498600
26950,450,300,"bu","13:46:31",21498900
26950,450,500,"sd","13:46:33",21499400
26950,450,300,"bu","13:46:42",21499700
26950,450,1000,"sd","13:46:49",21500700
27000,500,2300,"bu","13:46:51",21503000
26950,450,1800,"bu","13:47:04",21504800
26950,450,4000,"sd","13:47:21",21508800
26950,450,200,"bu","13:47:25",21509000
26950,450,100,"sd","13:47:27",21509100
26950,450,5000,"sd","13:47:30",21514100
26950,450,2200,"sd","13:47:37",21516300
26950,450,1900,"sd","13:47:39",21518200
26950,450,5000,"bu","13:47:40",21523200
26950,450,500,"bu","13:47:46",21523700
26950,450,100,"bu","13:48:01",21523800
26950,450,1000,"bu","13:48:02",21524800
26950,450,6000,"sd","13:48:09",21530800
26950,450,100,"bu","13:48:11",21530900
26950,450,1000,"sd","13:48:13",21531900
26950,450,1000,"bu","13:48:18",21532900
26950,450,3000,"sd","13:48:24",21535900
26950,450,4000,"bu","13:48:37",21539900
26950,450,200,"sd","13:48:39",21540100
26950,450,2800,"sd","13:48:46",21542900
26950,450,1000,"sd","13:48:49",21543900
26950,450,500,"sd","13:48:57",21544400
26950,450,2000,"sd","13:48:59",21546400
26950,450,1300,"sd","13:49:00",21547700
26950,450,200,"bu","13:49:04",21547900
26950,450,800,"sd","13:49:08",21548700
27000,500,9900,"bu","13:49:17",21558600
26950,450,700,"sd","13:49:20",21559300
26950,450,1200,"sd","13:49:24",21560500
26950,450,5000,"bu","13:49:25",21565500
26950,450,1300,"bu","13:49:29",21566800
27000,500,400,"sd","13:49:33",21567200
26950,450,2100,"sd","13:49:35",21569300
26950,450,4000,"sd","13:49:39",21573300
26950,450,5200,"sd","13:49:41",21578500
26950,450,1300,"sd","13:49:47",21579800
26950,450,8000,"sd","13:49:54",21587800
26950,450,1800,"sd","13:49:56",21589600
26950,450,100,"sd","13:49:58",21589700
26950,450,31800,"sd","13:50:04",21621500
26950,450,26500,"bu","13:50:07",21648000
26950,450,8000,"sd","13:50:09",21656000
26950,450,1600,"bu","13:50:11",21657600
26950,450,300,"bu","13:50:13",21657900
26950,450,5400,"bu","13:50:21",21663300
26950,450,500,"sd","13:50:25",21663800
26950,450,700,"bu","13:50:27",21664500
26950,450,100,"bu","13:50:36",21664600
26950,450,18200,"bu","13:50:50",21682800
26950,450,16800,"bu","13:50:54",21699600
26950,450,4000,"bu","13:50:56",21703600
26950,450,1000,"sd","13:51:03",21704600
27000,500,100,"bu","13:51:05",21704700
26950,450,10000,"sd","13:51:09",21714700
27000,500,500,"bu","13:51:14",21715200
26950,450,2000,"bu","13:51:16",21717200
26950,450,3000,"bu","13:51:20",21720200
26950,450,4200,"bu","13:51:26",21724400
26950,450,1100,"sd","13:51:35",21725500
26950,450,1000,"bu","13:51:39",21726500
26950,450,100,"bu","13:51:40",21726600
26950,450,2000,"bu","13:51:42",21728600
26950,450,300,"sd","13:51:48",21728900
26950,450,100,"sd","13:51:50",21729000
26950,450,500,"sd","13:51:57",21729500
26950,450,4100,"sd","13:52:03",21733600
26950,450,1000,"bu","13:52:20",21734600
26900,400,1900,"sd","13:52:25",21736500
26950,450,500,"sd","13:52:28",21737000
26900,400,1100,"bu","13:52:33",21738100
26900,400,2800,"sd","13:52:35",21740900
26900,400,22200,"sd","13:52:37",21763100
26950,450,1000,"bu","13:52:40",21764100
26900,400,51000,"bu","13:52:46",21815100
26950,450,700,"bu","13:52:53",21815800
26900,400,100,"bu","13:52:58",21815900
26900,400,10000,"sd","13:53:05",21825900
26900,400,57500,"sd","13:53:11",21883400
26900,400,5000,"sd","13:53:14",21888400
