"price","change","match_qtty","side","time","total_vol"
38600,100,11000,"bu","09:15:08",11000
38700,200,1000,"sd","09:15:23",12000
38700,200,200,"bu","09:15:24",12200
38750,250,1000,"sd","09:15:33",13200
38750,250,3000,"bu","09:15:34",16200
38800,300,200,"bu","09:15:48",16400
38800,300,800,"bu","09:16:01",17200
38850,350,3900,"sd","09:16:08",21100
38850,350,1000,"bu","09:16:18",22100
38900,400,2000,"sd","09:16:19",24100
38900,400,1600,"bu","09:16:24",25700
38950,450,10000,"bu","09:16:37",35700
38950,450,2000,"sd","09:16:38",37700
38900,400,900,"sd","09:16:40",38600
38900,400,1000,"sd","09:16:45",39600
38900,400,2000,"bu","09:16:49",41600
38900,400,1000,"sd","09:17:02",42600
38900,400,300,"bu","09:17:03",42900
39000,500,10000,"bu","09:17:03",52900
39000,500,5000,"sd","09:17:16",57900
39000,500,2500,"bu","09:17:16",60400
38900,400,300,"sd","09:17:25",60700
39000,500,100,"sd","09:17:32",60800
39000,500,900,"sd","09:17:36",61700
38850,350,3400,"sd","09:18:27",65100
38900,400,400,"bu","09:18:36",65500
38850,350,600,"sd","09:18:44",66100
38850,350,400,"sd","09:18:48",66500
38800,300,500,"sd","09:19:14",67000
38800,300,900,"bu","09:19:27",67900
38750,250,2000,"bu","09:19:48",69900
38800,300,11000,"sd","09:20:38",80900
38750,250,100,"bu","09:20:39",81000
38800,300,900,"bu","09:21:15",81900
38800,300,600,"sd","09:21:24",82500
38850,350,4500,"sd","09:21:45",87000
38850,350,400,"sd","09:22:09",87400
38800,300,1900,"sd","09:24:40",89300
38800,300,500,"bu","09:24:47",89800
38800,300,1000,"sd","09:25:54",90800
38800,300,100,"bu","09:25:55",90900
38800,300,500,"bu","09:26:11",91400
38950,450,25000,"bu","09:26:12",116400
38800,300,600,"bu","09:26:50",117000
38900,400,20100,"sd","09:28:04",137100
38850,350,1900,"sd","09:28:14",139000
38850,350,100,"sd","09:28:20",139100
38850,350,400,"bu","09:28:28",139500
38850,350,100,"bu","09:28:43",139600
38850,350,200,"sd","09:29:19",139800
38850,350,1100,"bu","09:29:27",140900
38850,350,500,"bu","09:29:46",141400
38850,350,1200,"bu","09:29:55",142600
38850,350,7800,"bu","09:29:57",150400
38850,350,500,"sd","09:30:12",150900
38850,350,500,"bu","09:30:37",151400
38800,300,600,"bu","09:30:58",152000
38800,300,6600,"bu","09:31:32",158600
38750,250,200,"sd","09:31:50",158800
38750,250,2000,"sd","09:31:58",160800
38750,250,1000,"bu","09:32:03",161800
38750,250,300,"sd","09:32:09",162100
38700,200,200,"sd","09:32:12",162300
38700,200,100,"sd","09:32:33",162400
38750,250,500,"sd","09:32:54",162900
38750,250,300,"bu","09:33:04",163200
38700,200,7000,"bu","09:33:05",170200
38700,200,9000,"sd","09:33:13",179200
38750,250,1000,"sd","09:33:14",180200
38750,250,500,"sd","09:33:16",180700
38700,200,1200,"sd","09:33:43",181900
38750,250,500,"bu","09:34:36",182400
38800,300,100,"sd","09:34:56",182500
38800,300,9800,"bu","09:34:57",192300
38800,300,1000,"sd","09:35:08",193300
38800,300,4500,"sd","09:35:19",197800
38800,300,3500,"bu","09:35:29",201300
38800,300,1000,"bu","09:35:31",202300
38800,300,200,"bu","09:35:42",202500
38800,300,100,"bu","09:35:43",202600
38800,300,2000,"bu","09:35:47",204600
38850,350,4300,"bu","09:35:52",208900
38800,300,2000,"bu","09:36:02",210900
38800,300,5000,"sd","09:36:09",215900
38800,300,1000,"sd","09:36:14",216900
38800,300,800,"bu","09:36:14",217700
38800,300,500,"bu","09:36:17",218200
38800,300,700,"bu","09:36:18",218900
38800,300,300,"bu","09:36:30",219200
38800,300,1000,"sd","09:36:31",220200
38850,350,100,"sd","09:36:37",220300
38800,300,500,"bu","09:36:48",220800
38800,300,300,"bu","09:37:09",221100
38800,300,5000,"bu","09:37:34",226100
38800,300,500,"sd","09:37:39",226600
38800,300,100,"sd","09:37:40",226700
38800,300,2200,"bu","09:37:40",228900
38800,300,300,"sd","09:37:54",229200
38800,300,200,"sd","09:37:57",229400
38800,300,500,"bu","09:38:09",229900
38800,300,5000,"sd","09:38:12",234900
38800,300,1500,"sd","09:38:13",236400
38800,300,1000,"bu","09:38:17",237400
38800,300,100,"sd","09:38:22",237500
38800,300,1500,"sd","09:38:48",239000
38800,300,500,"bu","09:39:03",239500
38800,300,400,"bu","09:39:09",239900
38850,350,2000,"bu","09:39:10",241900
38750,250,1800,"sd","09:39:12",243700
38800,300,2000,"sd","09:39:25",245700
38850,350,9700,"bu","09:39:48",255400
38900,400,6900,"bu","09:39:58",262300
38850,350,100,"bu","09:40:52",262400
38850,350,3200,"sd","09:40:58",265600
38850,350,100,"sd","09:40:59",265700
38850,350,500,"bu","09:41:22",266200
38850,350,700,"sd","09:41:50",266900
38800,300,10000,"sd","09:41:54",276900
38800,300,1600,"bu","09:42:23",278500
38900,400,18000,"bu","09:43:10",296500
38900,400,100,"sd","09:43:27",296600
38900,400,200,"sd","09:43:40",296800
38850,350,1000,"sd","09:44:37",297800
38850,350,1800,"bu","09:44:42",299600
38850,350,800,"sd","09:44:55",300400
38900,400,9900,"sd","09:45:10",310300
38900,400,1000,"bu","09:45:43",311300
38900,400,600,"bu","09:45:46",311900
38850,350,1000,"bu","09:46:30",312900
38850,350,10000,"sd","09:46:43",322900
38850,350,400,"bu","09:46:46",323300
38850,350,2600,"sd","09:47:08",325900
38850,350,300,"bu","09:48:22",326200
38850,350,1300,"bu","09:48:27",327500
38850,350,600,"sd","09:48:33",328100
38850,350,200,"sd","09:49:11",328300
38850,350,1000,"sd","09:49:14",329300
38850,350,1000,"sd","09:49:56",330300
38800,300,100,"sd","09:51:03",330400
38800,300,300,"sd","09:51:49",330700
38800,300,10000,"bu","09:51:55",340700
38800,300,800,"sd","09:51:56",341500
38800,300,1000,"sd","09:52:09",342500
38800,300,300,"sd","09:52:13",342800
38800,300,6700,"sd","09:52:31",349500
38750,250,3000,"sd","09:52:57",352500
38750,250,100,"sd","09:53:05",352600
38750,250,300,"sd","09:53:20",352900
38750,250,300,"bu","09:54:37",353200
38750,250,7600,"sd","09:54:48",360800
38700,200,1500,"sd","09:55:41",362300
38700,200,500,"bu","09:55:47",362800
38600,100,10700,"sd","09:58:38",373500
38600,100,500,"sd","09:58:44",374000
38700,200,800,"bu","09:59:07",374800
38700,200,1000,"bu","10:00:57",375800
38700,200,200,"sd","10:01:02",376000
38700,200,2700,"sd","10:01:57",378700
38750,250,1000,"sd","10:02:16",379700
38700,200,1400,"bu","10:02:41",381100
38700,200,500,"sd","10:02:53",381600
38750,250,1000,"bu","10:03:07",382600
38700,200,9400,"sd","10:04:04",392000
38600,100,19800,"bu","10:04:18",411800
38600,100,200,"sd","10:04:32",412000
38650,150,500,"bu","10:04:36",412500
38650,150,5000,"sd","10:04:46",417500
38650,150,1000,"sd","10:04:54",418500
38650,150,100,"sd","10:05:15",418600
38600,100,5000,"bu","10:05:17",423600
38650,150,100,"sd","10:05:18",423700
38600,100,10400,"sd","10:05:32",434100
38450,-50,100000,"sd","10:05:49",534100
38600,100,100,"sd","10:05:59",534200
38600,100,3100,"bu","10:06:15",537300
38450,-50,8700,"bu","10:06:16",546000
38450,-50,400,"sd","10:06:27",546400
38450,-50,400,"sd","10:06:30",546800
38400,-100,100,"sd","10:06:32",546900
38450,-50,700,"bu","10:06:33",547600
38400,-100,700,"sd","10:06:34",548300
38500,0,300,"bu","10:06:51",548600
38500,0,700,"sd","10:06:58",549300
38500,0,600,"bu","10:07:15",549900
38500,0,1600,"bu","10:07:42",551500
38550,50,1100,"bu","10:07:51",552600
38550,50,800,"bu","10:08:02",553400
38550,50,100,"bu","10:08:09",553500
38550,50,6000,"bu","10:08:12",559500
38550,50,1900,"sd","10:08:17",561400
38550,50,1100,"bu","10:08:30",562500
38600,100,500,"sd","10:08:46",563000
38600,100,1100,"sd","10:09:11",564100
38600,100,400,"sd","10:09:22",564500
38600,100,200,"sd","10:09:32",564700
38600,100,6100,"bu","10:10:00",570800
38600,100,1000,"bu","10:10:02",571800
38550,50,500,"sd","10:10:27",572300
38600,100,1100,"bu","10:10:38",573400
38650,150,200,"bu","10:10:55",573600
38600,100,10000,"sd","10:11:04",583600
38500,0,29800,"bu","10:11:05",613400
38550,50,4800,"bu","10:11:40",618200
38500,0,800,"sd","10:11:46",619000
38550,50,100,"bu","10:12:02",619100
38550,50,13600,"bu","10:12:22",632700
38550,50,500,"sd","10:12:36",633200
38550,50,400,"sd","10:12:37",633600
38550,50,100,"bu","10:12:50",633700
38550,50,200,"sd","10:12:55",633900
38550,50,500,"sd","10:13:16",634400
38500,0,200,"bu","10:14:06",634600
38550,50,20300,"bu","10:14:36",654900
38600,100,500,"bu","10:14:48",655400
38500,0,800,"bu","10:15:20",656200
38550,50,400,"sd","10:16:10",656600
38500,0,24400,"bu","10:16:26",681000
38550,50,500,"sd","10:16:28",681500
38550,50,100,"sd","10:17:10",681600
38550,50,500,"sd","10:17:20",682100
38550,50,1000,"sd","10:17:59",683100
38550,50,5000,"sd","10:18:10",688100
38550,50,1000,"bu","10:18:26",689100
38550,50,5000,"bu","10:18:46",694100
38550,50,1000,"bu","10:18:47",695100
38550,50,300,"sd","10:18:55",695400
38550,50,2700,"bu","10:19:25",698100
38550,50,800,"sd","10:20:02",698900
38550,50,1000,"sd","10:21:57",699900
38550,50,500,"bu","10:22:20",700400
38550,50,800,"sd","10:24:10",701200
38550,50,1000,"sd","10:24:24",702200
38500,0,100,"bu","10:24:29",702300
38550,50,1000,"sd","10:24:33",703300
38550,50,100,"bu","10:24:46",703400
38500,0,300,"bu","10:25:54",703700
38500,0,2000,"sd","10:26:08",705700
38500,0,300,"bu","10:26:46",706000
38500,0,1800,"sd","10:27:25",707800
38500,0,300,"sd","10:28:08",708100
38500,0,200,"sd","10:28:36",708300
38500,0,100,"bu","10:28:55",708400
38500,0,500,"sd","10:28:58",708900
38500,0,1400,"bu","10:29:34",710300
38500,0,1500,"sd","10:30:44",711800
38550,50,3000,"sd","10:31:07",714800
38500,0,5000,"bu","10:31:14",719800
38500,0,1300,"bu","10:31:29",721100
38500,0,5000,"sd","10:32:05",726100
38500,0,1800,"bu","10:32:24",727900
38500,0,1500,"bu","10:32:38",729400
38550,50,200,"bu","10:32:46",729600
38550,50,500,"sd","10:33:26",730100
38600,100,30000,"sd","10:33:29",760100
38600,100,1000,"bu","10:33:35",761100
38600,100,100,"sd","10:33:47",761200
38500,0,6000,"bu","10:34:01",767200
38500,0,30000,"sd","10:34:21",797200
38500,0,1000,"sd","10:34:34",798200
38500,0,15000,"bu","10:35:01",813200
38500,0,500,"bu","10:35:02",813700
38500,0,100,"bu","10:35:04",813800
38500,0,4400,"bu","10:35:05",818200
38500,0,1100,"bu","10:35:06",819300
38500,0,600,"bu","10:36:22",819900
38500,0,500,"bu","10:36:28",820400
38500,0,8800,"bu","10:37:16",829200
38500,0,100,"sd","10:37:28",829300
38500,0,1600,"sd","10:37:36",830900
38500,0,200,"bu","10:38:14",831100
38500,0,1000,"bu","10:38:30",832100
38500,0,100,"sd","10:38:43",832200
38500,0,2500,"bu","10:38:55",834700
38500,0,5500,"bu","10:39:49",840200
38500,0,600,"bu","10:39:52",840800
38500,0,1800,"bu","10:40:45",842600
38500,0,100,"bu","10:40:47",842700
38500,0,1700,"bu","10:41:08",844400
38500,0,400,"sd","10:41:10",844800
38500,0,1000,"sd","10:41:45",845800
38500,0,100,"sd","10:42:21",845900
38500,0,600,"bu","10:42:55",846500
38500,0,5000,"bu","10:43:56",851500
38450,-50,500,"bu","10:44:32",852000
38450,-50,100,"bu","10:44:58",852100
38500,0,25700,"bu","10:46:22",877800
38500,0,1400,"sd","10:46:46",879200
38450,-50,4100,"sd","10:46:54",883300
38500,0,300,"bu","10:46:58",883600
38500,0,200,"bu","10:48:43",883800
38450,-50,500,"sd","10:48:48",884300
38450,-50,1000,"sd","10:49:09",885300
38450,-50,12700,"bu","10:49:10",898000
38450,-50,100,"sd","10:49:14",898100
38450,-50,1300,"bu","10:49:18",899400
38450,-50,800,"sd","10:49:20",900200
38450,-50,24600,"bu","10:49:21",924800
38450,-50,10000,"bu","10:50:00",934800
38450,-50,10000,"sd","10:50:05",944800
38450,-50,1100,"sd","10:50:10",945900
38450,-50,600,"bu","10:50:38",946500
38450,-50,100,"sd","10:50:45",946600
38450,-50,200,"bu","10:51:04",946800
38450,-50,300,"sd","10:51:12",947100
38450,-50,200,"sd","10:51:17",947300
38400,-100,1100,"sd","10:52:01",948400
38400,-100,500,"bu","10:52:02",948900
38450,-50,1000,"sd","10:52:09",949900
38400,-100,2000,"bu","10:52:10",951900
38400,-100,2000,"bu","10:52:17",953900
38400,-100,7200,"sd","10:52:34",961100
38400,-100,25000,"bu","10:52:37",986100
38400,-100,300,"bu","10:52:42",986400
38400,-100,10500,"sd","10:52:45",996900
38400,-100,1400,"sd","10:52:51",998300
38400,-100,100,"sd","10:53:24",998400
38350,-150,500,"bu","10:53:34",998900
38400,-100,1400,"sd","10:53:38",1000300
38400,-100,2000,"bu","10:53:55",1002300
38350,-150,100,"bu","10:54:12",1002400
38350,-150,200,"bu","10:54:19",1002600
38400,-100,400,"bu","10:54:53",1003000
38400,-100,1100,"sd","10:55:07",1004100
38400,-100,100,"sd","10:55:11",1004200
38350,-150,5500,"bu","10:55:23",1009700
38400,-100,900,"sd","10:55:26",1010600
38400,-100,100,"bu","10:55:27",1010700
38400,-100,500,"bu","10:55:38",1011200
38400,-100,3000,"sd","10:55:53",1014200
38400,-100,500,"bu","10:55:59",1014700
38400,-100,200,"bu","10:56:01",1014900
38400,-100,2000,"bu","10:56:07",1016900
38400,-100,2300,"bu","10:56:10",1019200
38350,-150,5300,"bu","10:56:14",1024500
38400,-100,3000,"bu","10:56:58",1027500
38400,-100,3800,"bu","10:57:11",1031300
38400,-100,3000,"bu","10:57:22",1034300
38400,-100,100,"bu","10:58:08",1034400
38400,-100,200,"sd","10:58:50",1034600
38450,-50,5000,"bu","10:59:45",1039600
38450,-50,100,"bu","10:59:56",1039700
38450,-50,300,"bu","11:00:08",1040000
38450,-50,1000,"sd","11:00:25",1041000
38450,-50,2500,"bu","11:00:52",1043500
38450,-50,2500,"sd","11:01:43",1046000
38450,-50,100,"sd","11:02:25",1046100
38450,-50,500,"bu","11:02:27",1046600
38450,-50,500,"sd","11:02:31",1047100
38400,-100,11400,"bu","11:03:04",1058500
38400,-100,700,"sd","11:03:48",1059200
38400,-100,600,"sd","11:04:01",1059800
38400,-100,500,"bu","11:04:19",1060300
38400,-100,100,"bu","11:04:43",1060400
38400,-100,1100,"bu","11:05:07",1061500
38400,-100,500,"bu","11:05:13",1062000
38400,-100,13600,"bu","11:06:11",1075600
38400,-100,100,"bu","11:06:15",1075700
38400,-100,2200,"bu","11:07:10",1077900
38400,-100,100,"sd","11:08:17",1078000
38400,-100,1100,"bu","11:09:10",1079100
38400,-100,4000,"bu","11:10:26",1083100
38400,-100,2000,"bu","11:11:45",1085100
38400,-100,3000,"bu","11:12:07",1088100
38400,-100,1000,"sd","11:12:38",1089100
38350,-150,500,"bu","11:14:39",1089600
38350,-150,5000,"bu","11:14:52",1094600
38350,-150,700,"sd","11:15:06",1095300
38350,-150,15200,"bu","11:15:16",1110500
38350,-150,8600,"sd","11:15:35",1119100
38400,-100,1000,"sd","11:16:47",1120100
38400,-100,200,"bu","11:18:00",1120300
38350,-150,100,"sd","11:18:37",1120400
38400,-100,300,"sd","11:19:06",1120700
38350,-150,7000,"bu","11:19:18",1127700
38350,-150,300,"sd","11:19:46",1128000
38350,-150,400,"bu","11:20:12",1128400
38350,-150,1000,"sd","11:20:17",1129400
38350,-150,500,"bu","11:20:33",1129900
38350,-150,5700,"sd","11:22:39",1135600
38350,-150,100,"bu","11:22:42",1135700
38300,-200,3300,"bu","11:23:17",1139000
38350,-150,12000,"sd","11:23:24",1151000
38350,-150,100,"sd","11:23:38",1151100
38350,-150,300,"sd","11:23:56",1151400
38400,-100,1000,"sd","11:24:17",1152400
38400,-100,100,"sd","11:25:28",1152500
38350,-150,300,"bu","11:29:56",1152800
38350,-150,1000,"bu","11:29:57",1153800
38350,-150,2000,"sd","11:30:05",1155800
38350,-150,1300,"sd","13:00:20",1157100
38350,-150,800,"sd","13:00:36",1157900
38350,-150,6800,"sd","13:00:46",1164700
38350,-150,4000,"bu","13:00:51",1168700
38350,-150,19000,"bu","13:00:55",1187700
38350,-150,100,"bu","13:00:56",1187800
38350,-150,1000,"sd","13:00:57",1188800
38350,-150,800,"bu","13:00:58",1189600
38350,-150,500,"bu","13:01:08",1190100
38350,-150,1100,"bu","13:01:13",1191200
38350,-150,10000,"sd","13:01:29",1201200
38350,-150,6600,"bu","13:01:41",1207800
38350,-150,100,"bu","13:01:56",1207900
38300,-200,2000,"bu","13:02:07",1209900
38300,-200,1000,"bu","13:02:09",1210900
38300,-200,400,"sd","13:02:11",1211300
38300,-200,2000,"sd","13:02:14",1213300
38300,-200,7000,"sd","13:02:18",1220300
38300,-200,2000,"bu","13:02:19",1222300
38300,-200,3000,"bu","13:02:21",1225300
38300,-200,1400,"bu","13:02:40",1226700
38300,-200,100,"sd","13:02:52",1226800
38300,-200,200,"bu","13:03:09",1227000
38250,-250,8000,"bu","13:03:13",1235000
38300,-200,700,"bu","13:03:20",1235700
38300,-200,1700,"bu","13:03:24",1237400
38300,-200,100,"bu","13:03:29",1237500
38250,-250,13100,"sd","13:03:38",1250600
38250,-250,100,"sd","13:03:46",1250700
38250,-250,500,"bu","13:03:57",1251200
38250,-250,100,"bu","13:04:03",1251300
38250,-250,500,"sd","13:04:05",1251800
38250,-250,300,"bu","13:04:24",1252100
38200,-300,5300,"bu","13:05:05",1257400
38250,-250,300,"sd","13:05:07",1257700
38250,-250,500,"sd","13:05:15",1258200
38250,-250,100,"sd","13:05:35",1258300
38250,-250,3000,"bu","13:05:41",1261300
38250,-250,200,"bu","13:05:47",1261500
38250,-250,300,"bu","13:05:49",1261800
38250,-250,200,"sd","13:05:54",1262000
38250,-250,1000,"bu","13:05:55",1263000
38250,-250,400,"sd","13:06:13",1263400
38250,-250,500,"bu","13:06:21",1263900
38250,-250,1000,"bu","13:06:23",1264900
38250,-250,200,"sd","13:06:24",1265100
38250,-250,6000,"sd","13:06:43",1271100
38250,-250,400,"sd","13:06:49",1271500
38300,-200,200,"bu","13:07:09",1271700
38250,-250,700,"bu","13:07:11",1272400
38250,-250,1000,"bu","13:07:19",1273400
38250,-250,300,"sd","13:07:55",1273700
38300,-200,500,"sd","13:09:22",1274200
38300,-200,1800,"bu","13:09:27",1276000
38300,-200,900,"sd","13:09:57",1276900
38300,-200,200,"sd","13:09:59",1277100
38250,-250,5000,"bu","13:10:30",1282100
38300,-200,100,"bu","13:10:39",1282200
38250,-250,700,"bu","13:11:01",1282900
38250,-250,6000,"bu","13:11:32",1288900
38250,-250,500,"sd","13:12:05",1289400
38250,-250,900,"sd","13:12:16",1290300
38250,-250,200,"sd","13:12:26",1290500
38250,-250,2200,"bu","13:12:27",1292700
38250,-250,1000,"bu","13:12:34",1293700
38250,-250,2000,"sd","13:12:43",1295700
38250,-250,1200,"sd","13:13:00",1296900
38250,-250,600,"bu","13:13:08",1297500
38250,-250,1000,"bu","13:13:10",1298500
38250,-250,200,"sd","13:13:15",1298700
38250,-250,1000,"sd","13:13:36",1299700
38300,-200,200,"bu","13:14:28",1299900
38300,-200,100,"bu","13:14:39",1300000
38250,-250,1200,"sd","13:17:01",1301200
38250,-250,100,"sd","13:17:20",1301300
38300,-200,200,"sd","13:17:25",1301500
38300,-200,4400,"sd","13:17:41",1305900
38300,-200,5000,"sd","13:17:52",1310900
38300,-200,500,"bu","13:18:01",1311400
38300,-200,8600,"bu","13:18:03",1320000
38300,-200,800,"bu","13:18:08",1320800
38300,-200,500,"bu","13:18:10",1321300
38300,-200,300,"sd","13:18:21",1321600
38300,-200,1500,"bu","13:19:15",1323100
38300,-200,100,"bu","13:19:20",1323200
38300,-200,200,"bu","13:19:33",1323400
38300,-200,100,"sd","13:19:35",1323500
38300,-200,2000,"sd","13:19:48",1325500
38300,-200,200,"bu","13:19:50",1325700
38300,-200,100,"bu","13:19:58",1325800
38300,-200,1000,"bu","13:20:04",1326800
38300,-200,200,"bu","13:20:10",1327000
38300,-200,5100,"bu","13:21:03",1332100
38300,-200,500,"sd","13:21:04",1332600
38300,-200,1000,"bu","13:21:06",1333600
38300,-200,2000,"bu","13:21:15",1335600
38300,-200,800,"bu","13:21:18",1336400
38300,-200,200,"sd","13:21:20",1336600
38300,-200,500,"bu","13:21:30",1337100
38300,-200,1000,"sd","13:21:33",1338100
38300,-200,5000,"sd","13:21:38",1343100
38300,-200,800,"bu","13:21:46",1343900
38300,-200,1200,"sd","13:21:47",1345100
38350,-150,1600,"bu","13:22:08",1346700
38350,-150,1000,"bu","13:22:40",1347700
38350,-150,200,"bu","13:23:35",1347900
38300,-200,3500,"sd","13:23:50",1351400
38350,-150,200,"bu","13:23:55",1351600
38300,-200,400,"bu","13:24:01",1352000
38300,-200,500,"sd","13:24:14",1352500
38350,-150,1000,"bu","13:24:16",1353500
38350,-150,2000,"sd","13:24:28",1355500
38350,-150,100,"bu","13:24:32",1355600
38350,-150,2000,"sd","13:24:34",1357600
38350,-150,6000,"bu","13:24:37",1363600
38350,-150,500,"bu","13:24:53",1364100
38350,-150,5500,"sd","13:25:11",1369600
38350,-150,6100,"bu","13:25:14",1375700
38400,-100,2000,"sd","13:25:31",1377700
38350,-150,1000,"sd","13:25:40",1378700
38350,-150,5000,"sd","13:25:41",1383700
38350,-150,200,"sd","13:25:59",1383900
38350,-150,1600,"sd","13:26:04",1385500
38350,-150,200,"sd","13:27:30",1385700
38350,-150,300,"sd","13:27:53",1386000
38350,-150,2000,"sd","13:28:42",1388000
38350,-150,100,"sd","13:29:13",1388100
38350,-150,5000,"sd","13:29:34",1393100
38300,-200,2500,"bu","13:30:35",1395600
38300,-200,1000,"sd","13:31:07",1396600
38300,-200,200,"sd","13:31:12",1396800
38300,-200,10000,"sd","13:31:17",1406800
38300,-200,700,"sd","13:31:32",1407500
38300,-200,10000,"sd","13:31:37",1417500
38300,-200,9000,"sd","13:31:53",1426500
38300,-200,10000,"sd","13:32:00",1436500
38300,-200,1000,"bu","13:32:10",1437500
38300,-200,100,"sd","13:32:13",1437600
38300,-200,400,"bu","13:32:43",1438000
38300,-200,300,"sd","13:32:45",1438300
38300,-200,5000,"sd","13:32:55",1443300
38300,-200,800,"bu","13:32:57",1444100
38300,-200,100,"sd","13:33:02",1444200
38300,-200,500,"sd","13:33:14",1444700
38300,-200,1300,"bu","13:33:19",1446000
38300,-200,700,"bu","13:33:26",1446700
38300,-200,200,"sd","13:33:38",1446900
38300,-200,100,"sd","13:33:48",1447000
38300,-200,400,"sd","13:33:58",1447400
38300,-200,100,"sd","13:34:23",1447500
38300,-200,5400,"sd","13:35:37",1452900
38300,-200,2000,"bu","13:36:05",1454900
38300,-200,100,"sd","13:36:07",1455000
38300,-200,1100,"sd","13:36:31",1456100
38350,-150,2000,"sd","13:36:35",1458100
38350,-150,5000,"sd","13:36:36",1463100
38350,-150,100,"bu","13:37:24",1463200
38350,-150,200,"sd","13:37:28",1463400
38350,-150,1800,"sd","13:37:32",1465200
38300,-200,100,"bu","13:38:17",1465300
38350,-150,500,"sd","13:38:19",1465800
38300,-200,500,"bu","13:38:23",1466300
38300,-200,4000,"sd","13:38:41",1470300
38300,-200,200,"bu","13:38:50",1470500
38300,-200,2500,"sd","13:39:09",1473000
38300,-200,200,"bu","13:39:23",1473200
38300,-200,2300,"bu","13:39:27",1475500
38300,-200,1500,"sd","13:39:38",1477000
38300,-200,400,"bu","13:40:01",1477400
38300,-200,300,"sd","13:40:12",1477700
38300,-200,200,"bu","13:41:13",1477900
38250,-250,500,"sd","13:41:22",1478400
38250,-250,700,"sd","13:41:39",1479100
38300,-200,100,"bu","13:41:42",1479200
38300,-200,1200,"sd","13:43:07",1480400
38300,-200,13000,"sd","13:43:23",1493400
38300,-200,1000,"bu","13:43:45",1494400
38300,-200,1000,"bu","13:44:09",1495400
38250,-250,6000,"sd","13:45:24",1501400
38300,-200,1000,"sd","13:45:35",1502400
38250,-250,100,"bu","13:45:45",1502500
38250,-250,1300,"bu","13:45:57",1503800
38250,-250,1000,"sd","13:46:16",1504800
38250,-250,100,"sd","13:47:42",1504900
38250,-250,4000,"bu","13:47:57",1508900
38250,-250,5000,"bu","13:48:33",1513900
38250,-250,1000,"bu","13:48:40",1514900
38300,-200,100,"bu","13:49:29",1515000
38300,-200,500,"sd","13:50:07",1515500
38250,-250,1000,"bu","13:50:13",1516500
38250,-250,10000,"sd","13:50:23",1526500
38250,-250,1800,"sd","13:50:27",1528300
38300,-200,200,"sd","13:50:58",1528500
38250,-250,2000,"sd","13:51:05",1530500
38250,-250,100,"bu","13:51:35",1530600
38300,-200,700,"bu","13:51:57",1531300
38250,-250,19000,"sd","13:52:01",1550300
38250,-250,3000,"sd","13:52:27",1553300
38250,-250,1500,"bu","13:52:46",1554800
38250,-250,4800,"sd","13:53:58",1559600
38250,-250,100,"bu","13:54:16",1559700
38250,-250,2200,"sd","13:54:39",1561900
38250,-250,500,"sd","13:55:16",1562400
38300,-200,500,"bu","13:55:18",1562900
38250,-250,1300,"bu","13:55:48",1564200
38300,-200,500,"bu","13:56:12",1564700
38250,-250,1500,"bu","13:56:21",1566200
38300,-200,700,"bu","13:56:27",1566900
38250,-250,300,"sd","13:56:33",1567200
38250,-250,600,"sd","13:56:37",1567800
38250,-250,3000,"bu","13:57:16",1570800
38250,-250,100,"bu","13:57:24",1570900
38250,-250,800,"sd","13:57:27",1571700
38250,-250,10000,"sd","13:57:51",1581700
38250,-250,1000,"sd","13:58:17",1582700
38250,-250,7000,"sd","13:58:21",1589700
38200,-300,10000,"sd","13:58:32",1599700
38200,-300,2000,"bu","13:58:34",1601700
38200,-300,200,"bu","13:58:44",1601900
38250,-250,900,"bu","13:58:46",1602800
38250,-250,2700,"sd","13:58:50",1605500
38250,-250,9400,"bu","13:59:23",1614900
38250,-250,200,"sd","13:59:39",1615100
38250,-250,400,"bu","13:59:45",1615500
38250,-250,1800,"bu","13:59:55",1617300
38250,-250,500,"bu","13:59:59",1617800
38250,-250,100,"sd","14:00:06",1617900
38250,-250,2000,"sd","14:00:08",1619900
38250,-250,500,"bu","14:00:18",1620400
38250,-250,100,"bu","14:00:20",1620500
38250,-250,1000,"bu","14:00:22",1621500
38250,-250,100,"bu","14:00:57",1621600
38250,-250,10000,"sd","14:01:08",1631600
38250,-250,500,"sd","14:01:14",1632100
38250,-250,4300,"sd","14:02:16",1636400
38250,-250,400,"sd","14:02:18",1636800
38300,-200,100,"sd","14:02:20",1636900
38300,-200,700,"sd","14:02:31",1637600
38250,-250,1500,"bu","14:02:35",1639100
38250,-250,500,"bu","14:02:46",1639600
38300,-200,1000,"sd","14:03:34",1640600
38300,-200,100,"sd","14:03:38",1640700
38300,-200,5200,"bu","14:04:05",1645900
38300,-200,500,"bu","14:04:17",1646400
38300,-200,100,"bu","14:04:21",1646500
38300,-200,2000,"bu","14:04:27",1648500
38300,-200,5000,"sd","14:04:52",1653500
38300,-200,5600,"sd","14:05:14",1659100
38300,-200,100,"sd","14:05:16",1659200
38300,-200,1000,"sd","14:05:18",1660200
38300,-200,8300,"sd","14:05:22",1668500
38350,-150,100,"sd","14:06:19",1668600
38350,-150,600,"sd","14:06:23",1669200
38400,-100,3500,"bu","14:07:16",1672700
38350,-150,5000,"bu","14:07:51",1677700
38400,-100,900,"sd","14:08:06",1678600
38400,-100,1700,"sd","14:08:26",1680300
38350,-150,6000,"bu","14:09:19",1686300
38350,-150,2000,"bu","14:09:37",1688300
38350,-150,200,"bu","14:10:13",1688500
38400,-100,100,"bu","14:11:02",1688600
38400,-100,3000,"sd","14:11:29",1691600
38400,-100,5000,"sd","14:12:20",1696600
38400,-100,100,"bu","14:12:34",1696700
38350,-150,1000,"sd","14:12:46",1697700
38400,-100,2000,"sd","14:12:52",1699700
38350,-150,500,"sd","14:13:04",1700200
38350,-150,1100,"sd","14:13:15",1701300
38350,-150,500,"sd","14:14:02",1701800
38400,-100,100,"bu","14:14:06",1701900
38350,-150,1200,"sd","14:14:20",1703100
38350,-150,200,"sd","14:14:22",1703300
38350,-150,1400,"bu","14:14:39",1704700
38350,-150,1800,"sd","14:14:43",1706500
38350,-150,100,"sd","14:14:45",1706600
38250,-250,54400,"sd","14:15:45",1761000
38250,-250,1100,"sd","14:15:50",1762100
38250,-250,3700,"sd","14:17:02",1765800
38250,-250,5300,"sd","14:17:11",1771100
38250,-250,5200,"bu","14:17:54",1776300
38250,-250,16500,"bu","14:17:59",1792800
38250,-250,400,"bu","14:18:05",1793200
38250,-250,100,"sd","14:18:19",1793300
38250,-250,300,"bu","14:18:28",1793600
38250,-250,500,"bu","14:18:51",1794100
38250,-250,1000,"bu","14:18:53",1795100
38250,-250,300,"bu","14:19:03",1795400
38300,-200,500,"bu","14:19:22",1795900
38300,-200,200,"sd","14:19:25",1796100
38250,-250,2300,"sd","14:19:29",1798400
38250,-250,4000,"bu","14:19:48",1802400
38300,-200,100,"sd","14:19:50",1802500
38250,-250,200,"bu","14:20:53",1802700
38300,-200,100,"bu","14:20:58",1802800
38300,-200,1100,"sd","14:21:20",1803900
38250,-250,100,"sd","14:21:55",1804000
38300,-200,200,"bu","14:22:07",1804200
38300,-200,700,"bu","14:22:22",1804900
38300,-200,5100,"bu","14:22:25",1810000
38300,-200,10000,"sd","14:22:27",1820000
38300,-200,2500,"sd","14:22:36",1822500
38300,-200,1100,"sd","14:22:48",1823600
38300,-200,2000,"sd","14:23:02",1825600
38300,-200,1000,"bu","14:23:06",1826600
38300,-200,1300,"bu","14:23:11",1827900
38300,-200,700,"bu","14:23:13",1828600
38300,-200,300,"bu","14:23:21",1828900
38300,-200,100,"bu","14:23:38",1829000
38300,-200,4600,"bu","14:23:45",1833600
38300,-200,3000,"sd","14:23:51",1836600
38300,-200,2000,"bu","14:23:54",1838600
38300,-200,1600,"bu","14:23:56",1840200
38300,-200,1100,"sd","14:24:02",1841300
38300,-200,2000,"bu","14:24:56",1843300
38300,-200,2000,"sd","14:24:59",1845300
38300,-200,3100,"bu","14:25:12",1848400
38300,-200,500,"sd","14:25:25",1848900
38300,-200,100,"sd","14:25:42",1849000
38300,-200,400,"bu","14:25:44",1849400
38300,-200,100,"sd","14:25:47",1849500
38300,-200,500,"bu","14:25:49",1850000
38300,-200,100,"bu","14:26:08",1850100
38300,-200,600,"bu","14:26:16",1850700
38300,-200,1100,"sd","14:26:21",1851800
38300,-200,1100,"bu","14:26:25",1852900
38300,-200,200,"bu","14:26:52",1853100
38300,-200,400,"bu","14:26:54",1853500
38300,-200,500,"sd","14:27:02",1854000
38300,-200,13800,"sd","14:27:13",1867800
38300,-200,6200,"sd","14:27:18",1874000
38300,-200,5000,"sd","14:27:21",1879000
38250,-250,30000,"bu","14:27:34",1909000
38300,-200,3000,"bu","14:27:49",1912000
38350,-150,3400,"sd","14:27:51",1915400
38300,-200,400,"bu","14:27:53",1915800
38350,-150,100,"sd","14:28:01",1915900
38400,-100,20000,"sd","14:28:09",1935900
38350,-150,500,"sd","14:28:24",1936400
38300,-200,3000,"sd","14:28:42",1939400
38250,-250,10000,"bu","14:28:49",1949400
38300,-200,300,"bu","14:29:02",1949700
38300,-200,500,"bu","14:29:26",1950200
38300,-200,500,"bu","14:29:38",1950700
38300,-200,100,"sd","14:29:43",1950800
38200,-300,39500,"bu","14:29:45",1990300
38350,-150,200,"sd","14:29:50",1990500
38200,-300,20500,"bu","14:30:09",2011000
38300,-200,92100,"sd","14:45:23",2103100
