"price","change","match_qtty","side","time","total_vol"
4310,-50,117400,"bu","09:15:08",117400
4320,-40,500,"bu","09:15:47",117900
4350,-10,400,"sd","09:15:54",118300
4320,-40,500,"sd","09:15:57",118800
4350,-10,100,"bu","09:16:19",118900
4350,-10,4500,"bu","09:16:27",123400
4350,-10,1100,"sd","09:16:27",124500
4330,-30,100,"sd","09:16:32",124600
4350,-10,5200,"sd","09:16:32",129800
4350,-10,500,"bu","09:16:45",130300
4350,-10,5000,"sd","09:16:53",135300
4350,-10,1000,"sd","09:17:01",136300
4360,0,100,"bu","09:17:11",136400
4360,0,2500,"sd","09:17:29",138900
4360,0,2000,"bu","09:17:32",140900
4360,0,100,"bu","09:17:42",141000
4360,0,1500,"bu","09:17:51",142500
4360,0,100,"bu","09:18:01",142600
4350,-10,4100,"bu","09:18:09",146700
4340,-20,200,"sd","09:18:16",146900
4360,0,15000,"bu","09:18:20",161900
4350,-10,500,"bu","09:19:32",162400
4360,0,5000,"sd","09:19:35",167400
4350,-10,100,"sd","09:19:38",167500
4360,0,200,"bu","09:19:52",167700
4350,-10,300,"sd","09:20:05",168000
4360,0,2500,"bu","09:21:06",170500
4350,-10,3400,"bu","09:21:07",173900
4360,0,3000,"bu","09:21:40",176900
4360,0,5300,"sd","09:21:42",182200
4360,0,1000,"sd","09:22:05",183200
4360,0,900,"sd","09:22:36",184100
4360,0,100,"sd","09:22:49",184200
4360,0,3700,"bu","09:23:23",187900
4370,10,6000,"bu","09:24:32",193900
4370,10,2000,"bu","09:24:33",195900
4360,0,200,"sd","09:24:57",196100
4370,10,100,"bu","09:25:07",196200
4360,0,5000,"sd","09:25:13",201200
4360,0,1000,"sd","09:25:47",202200
4370,10,8000,"bu","09:26:11",210200
4370,10,500,"bu","09:26:23",210700
4370,10,1300,"sd","09:27:07",212000
4370,10,100,"sd","09:27:21",212100
4370,10,200,"sd","09:27:51",212300
4370,10,8800,"bu","09:28:06",221100
4370,10,12700,"bu","09:28:06",233800
4370,10,300,"sd","09:28:12",234100
4370,10,500,"sd","09:28:17",234600
4370,10,100,"sd","09:28:30",234700
4380,20,5000,"bu","09:28:38",239700
4390,30,8000,"sd","09:28:44",247700
4370,10,500,"bu","09:28:48",248200
4380,20,100,"bu","09:29:19",248300
4400,40,11000,"bu","09:29:32",259300
4390,30,700,"sd","09:29:48",260000
4390,30,3400,"bu","09:30:06",263400
4390,30,10000,"sd","09:30:10",273400
4390,30,36600,"sd","09:30:14",310000
4390,30,300,"bu","09:30:34",310300
4390,30,1000,"bu","09:30:39",311300
4390,30,8500,"bu","09:30:42",319800
4380,20,1000,"sd","09:30:47",320800
4380,20,19800,"sd","09:31:02",340600
4380,20,600,"bu","09:31:51",341200
4380,20,3000,"bu","09:32:09",344200
4380,20,500,"sd","09:32:17",344700
4380,20,8100,"sd","09:33:04",352800
4380,20,2200,"bu","09:33:48",355000
4370,10,6600,"bu","09:34:01",361600
4370,10,25100,"bu","09:34:20",386700
4370,10,19200,"bu","09:34:26",405900
4370,10,100,"bu","09:34:34",406000
4370,10,1500,"bu","09:34:51",407500
4370,10,5000,"sd","09:35:01",412500
4360,0,35600,"sd","09:35:12",448100
4360,0,200,"sd","09:35:46",448300
4350,-10,100,"bu","09:36:02",448400
4360,0,300,"sd","09:36:22",448700
4350,-10,300,"bu","09:36:27",449000
4360,0,19800,"sd","09:36:35",468800
4360,0,100,"sd","09:36:41",468900
4370,10,800,"sd","09:37:46",469700
4360,0,1200,"bu","09:38:09",470900
4360,0,1100,"bu","09:38:46",472000
4350,-10,5000,"sd","09:39:40",477000
4350,-10,20000,"sd","09:40:17",497000
4350,-10,1200,"bu","09:40:31",498200
4350,-10,6900,"bu","09:40:43",505100
4350,-10,1000,"sd","09:40:50",506100
4350,-10,5000,"bu","09:41:11",511100
4350,-10,100,"sd","09:41:20",511200
4350,-10,3100,"bu","09:42:14",514300
4350,-10,300,"bu","09:42:23",514600
4350,-10,2700,"bu","09:42:24",517300
4350,-10,600,"bu","09:42:39",517900
4350,-10,9100,"bu","09:42:45",527000
4340,-20,100,"bu","09:42:52",527100
4350,-10,1300,"bu","09:43:26",528400
4350,-10,100,"sd","09:43:29",528500
4350,-10,5100,"bu","09:43:48",533600
4350,-10,1000,"bu","09:43:50",534600
4350,-10,500,"sd","09:44:04",535100
4350,-10,1000,"sd","09:44:28",536100
4340,-20,10000,"sd","09:44:29",546100
4350,-10,10000,"sd","09:44:40",556100
4350,-10,19400,"bu","09:45:04",575500
4350,-10,200,"bu","09:45:07",575700
4350,-10,10600,"sd","09:45:28",586300
4350,-10,500,"bu","09:45:41",586800
4350,-10,9100,"bu","09:45:43",595900
4350,-10,2000,"sd","09:45:52",597900
4350,-10,1900,"sd","09:46:03",599800
4350,-10,1900,"sd","09:46:19",601700
4350,-10,1000,"bu","09:46:24",602700
4350,-10,3000,"bu","09:46:34",605700
4350,-10,300,"bu","09:47:01",606000
4350,-10,400,"sd","09:47:24",606400
4340,-20,600,"bu","09:47:34",607000
4340,-20,100,"bu","09:47:45",607100
4340,-20,38000,"bu","09:48:02",645100
4340,-20,100,"sd","09:48:03",645200
4340,-20,2700,"bu","09:48:10",647900
4340,-20,100,"sd","09:48:12",648000
4340,-20,500,"bu","09:48:17",648500
4340,-20,1000,"bu","09:48:21",649500
4330,-30,30000,"sd","09:48:24",679500
4340,-20,600,"sd","09:48:26",680100
4340,-20,600,"sd","09:48:59",680700
4340,-20,500,"sd","09:49:05",681200
4340,-20,500,"bu","09:49:10",681700
4340,-20,100,"sd","09:49:26",681800
4330,-30,10100,"bu","09:49:57",691900
4330,-30,1000,"bu","09:50:01",692900
4330,-30,15000,"bu","09:50:12",707900
4330,-30,500,"sd","09:50:22",708400
4330,-30,12000,"bu","09:50:40",720400
4310,-50,163300,"sd","09:50:49",883700
4300,-60,2000,"bu","09:50:50",885700
4310,-50,15000,"sd","09:50:57",900700
4310,-50,1000,"sd","09:51:02",901700
4310,-50,900,"sd","09:51:11",902600
4310,-50,100,"bu","09:51:11",902700
4310,-50,500,"sd","09:51:14",903200
4310,-50,2900,"sd","09:51:16",906100
4310,-50,1000,"bu","09:51:17",907100
4310,-50,2100,"bu","09:51:23",909200
4310,-50,20000,"bu","09:51:31",929200
4310,-50,300,"sd","09:51:31",929500
4310,-50,100,"sd","09:51:34",929600
4310,-50,2200,"sd","09:51:44",931800
4310,-50,500,"bu","09:51:47",932300
4310,-50,2000,"sd","09:51:48",934300
4310,-50,100,"sd","09:51:52",934400
4310,-50,1200,"bu","09:51:56",935600
4310,-50,5000,"sd","09:51:57",940600
4310,-50,100,"bu","09:51:58",940700
4310,-50,3000,"sd","09:51:59",943700
4310,-50,1000,"sd","09:52:03",944700
4310,-50,6700,"bu","09:52:10",951400
4310,-50,2000,"sd","09:52:14",953400
4310,-50,500,"sd","09:52:17",953900
4310,-50,100,"sd","09:52:19",954000
4310,-50,1300,"bu","09:52:27",955300
4310,-50,4000,"bu","09:52:31",959300
4310,-50,2000,"sd","09:52:33",961300
4310,-50,200,"sd","09:52:35",961500
4310,-50,1000,"bu","09:52:36",962500
4310,-50,500,"sd","09:52:37",963000
4310,-50,5000,"sd","09:52:38",968000
4310,-50,400,"bu","09:52:40",968400
4310,-50,500,"sd","09:52:46",968900
4310,-50,10000,"bu","09:52:51",978900
4310,-50,5000,"bu","09:52:52",983900
4310,-50,1000,"bu","09:52:53",984900
4310,-50,11000,"bu","09:53:01",995900
4310,-50,24500,"sd","09:53:03",1020400
4310,-50,2000,"bu","09:53:05",1022400
4310,-50,200,"sd","09:53:07",1022600
4310,-50,1400,"sd","09:53:08",1024000
4310,-50,200,"sd","09:53:09",1024200
4310,-50,1000,"bu","09:53:10",1025200
4310,-50,10000,"bu","09:53:13",1035200
4310,-50,1000,"sd","09:53:16",1036200
4310,-50,18600,"sd","09:53:18",1054800
4310,-50,19600,"bu","09:53:20",1074400
4320,-40,100,"bu","09:53:28",1074500
4320,-40,200,"sd","09:53:35",1074700
4320,-40,2000,"bu","09:53:39",1076700
4320,-40,100,"sd","09:53:45",1076800
4320,-40,1000,"bu","09:53:46",1077800
4320,-40,5000,"bu","09:53:48",1082800
4320,-40,1400,"bu","09:53:49",1084200
4320,-40,300,"bu","09:53:50",1084500
4320,-40,1300,"sd","09:54:06",1085800
4320,-40,5000,"sd","09:54:17",1090800
4320,-40,10200,"sd","09:54:20",1101000
4320,-40,1000,"sd","09:54:22",1102000
4320,-40,12100,"bu","09:54:24",1114100
4320,-40,500,"sd","09:54:27",1114600
4320,-40,100,"sd","09:54:29",1114700
4330,-30,1800,"bu","09:54:31",1116500
4330,-30,1000,"bu","09:54:57",1117500
4320,-40,5000,"sd","09:55:09",1122500
4330,-30,50000,"bu","09:55:12",1172500
4330,-30,100,"sd","09:55:19",1172600
4330,-30,10000,"sd","09:55:32",1182600
4330,-30,5500,"bu","09:55:34",1188100
4330,-30,1000,"sd","09:55:56",1189100
4330,-30,3000,"sd","09:56:23",1192100
4330,-30,2100,"bu","09:56:25",1194200
4330,-30,500,"bu","09:56:26",1194700
4330,-30,800,"bu","09:56:37",1195500
4330,-30,3400,"sd","09:56:46",1198900
4340,-20,1000,"bu","09:56:58",1199900
4340,-20,5000,"sd","09:57:17",1204900
4340,-20,600,"bu","09:57:21",1205500
4330,-30,100,"sd","09:57:37",1205600
4330,-30,200,"sd","09:58:03",1205800
4330,-30,5000,"sd","09:58:45",1210800
4340,-20,100,"bu","09:58:48",1210900
4330,-30,2600,"sd","09:58:58",1213500
4330,-30,4400,"sd","09:59:08",1217900
4330,-30,17600,"sd","09:59:42",1235500
4340,-20,9100,"bu","10:00:37",1244600
4330,-30,3000,"bu","10:00:56",1247600
4340,-20,100,"sd","10:01:02",1247700
4320,-40,24900,"bu","10:02:17",1272600
4330,-30,5000,"bu","10:02:25",1277600
4320,-40,200,"bu","10:02:28",1277800
4330,-30,1500,"sd","10:02:32",1279300
4330,-30,600,"bu","10:02:48",1279900
4330,-30,2000,"bu","10:02:49",1281900
4330,-30,7200,"bu","10:03:05",1289100
4330,-30,500,"sd","10:03:37",1289600
4330,-30,400,"sd","10:03:41",1290000
4330,-30,1300,"bu","10:04:26",1291300
4330,-30,5000,"sd","10:04:33",1296300
4340,-20,34900,"bu","10:04:44",1331200
4340,-20,9100,"sd","10:04:49",1340300
4340,-20,700,"bu","10:05:41",1341000
4340,-20,200,"sd","10:05:43",1341200
4350,-10,4000,"bu","10:06:08",1345200
4340,-20,17700,"bu","10:06:09",1362900
4340,-20,1200,"sd","10:06:27",1364100
4340,-20,100,"sd","10:06:30",1364200
4330,-30,10000,"bu","10:06:32",1374200
4330,-30,10000,"sd","10:06:53",1384200
4340,-20,22000,"bu","10:06:59",1406200
4350,-10,1000,"sd","10:07:11",1407200
4350,-10,100,"bu","10:07:14",1407300
4350,-10,6300,"bu","10:07:16",1413600
4350,-10,200,"bu","10:07:28",1413800
4350,-10,1200,"bu","10:07:52",1415000
4340,-20,200,"sd","10:07:53",1415200
4340,-20,900,"bu","10:08:13",1416100
4340,-20,200,"sd","10:08:20",1416300
4350,-10,1000,"bu","10:08:26",1417300
4340,-20,200,"sd","10:08:30",1417500
4340,-20,36500,"bu","10:08:31",1454000
4340,-20,100,"bu","10:08:35",1454100
4340,-20,2000,"sd","10:08:40",1456100
4340,-20,200,"bu","10:08:57",1456300
4340,-20,1000,"bu","10:09:03",1457300
4340,-20,200,"sd","10:09:04",1457500
4330,-30,2000,"sd","10:09:37",1459500
4340,-20,1000,"bu","10:09:43",1460500
4340,-20,1100,"sd","10:10:03",1461600
4330,-30,30900,"sd","10:10:22",1492500
4330,-30,300,"sd","10:10:29",1492800
4330,-30,500,"bu","10:10:40",1493300
4330,-30,1800,"bu","10:10:55",1495100
4330,-30,200,"sd","10:11:03",1495300
4330,-30,100,"sd","10:11:04",1495400
4330,-30,300,"bu","10:11:14",1495700
4330,-30,300,"sd","10:11:14",1496000
4330,-30,100,"sd","10:11:17",1496100
4330,-30,200,"bu","10:11:27",1496300
4330,-30,9400,"sd","10:11:34",1505700
4330,-30,2800,"bu","10:11:35",1508500
4330,-30,100,"bu","10:11:43",1508600
4320,-40,2300,"bu","10:12:08",1510900
4320,-40,5000,"bu","10:12:21",1515900
4330,-30,14100,"sd","10:13:05",1530000
4330,-30,6200,"sd","10:13:16",1536200
4340,-20,10000,"sd","10:13:27",1546200
4320,-40,10000,"sd","10:13:42",1556200
4350,-10,30000,"sd","10:14:13",1586200
4320,-40,900,"sd","10:14:31",1587100
4330,-30,100,"bu","10:15:56",1587200
4330,-30,500,"sd","10:16:34",1587700
4330,-30,1000,"sd","10:16:43",1588700
4330,-30,100,"sd","10:17:11",1588800
4330,-30,1000,"bu","10:17:14",1589800
4330,-30,1800,"sd","10:17:30",1591600
4330,-30,200,"bu","10:17:34",1591800
4330,-30,500,"bu","10:17:50",1592300
4330,-30,100,"sd","10:18:16",1592400
4330,-30,200,"sd","10:19:00",1592600
4330,-30,1000,"bu","10:19:20",1593600
4330,-30,10000,"sd","10:19:30",1603600
4330,-30,20000,"sd","10:19:38",1623600
4330,-30,7100,"sd","10:19:40",1630700
4330,-30,200,"bu","10:20:01",1630900
4330,-30,1000,"sd","10:20:02",1631900
4330,-30,1700,"sd","10:20:18",1633600
4330,-30,1900,"sd","10:20:35",1635500
4330,-30,10000,"sd","10:20:58",1645500
4330,-30,1500,"bu","10:21:06",1647000
4330,-30,1000,"bu","10:21:08",1648000
4330,-30,4100,"sd","10:21:15",1652100
4330,-30,5000,"sd","10:21:29",1657100
4330,-30,300,"sd","10:21:32",1657400
4330,-30,1000,"sd","10:21:37",1658400
4330,-30,5600,"sd","10:22:26",1664000
4330,-30,1000,"sd","10:22:52",1665000
4330,-30,100,"sd","10:22:54",1665100
4330,-30,500,"bu","10:23:07",1665600
4320,-40,70000,"bu","10:23:45",1735600
4320,-40,5000,"bu","10:24:09",1740600
4320,-40,24500,"sd","10:24:25",1765100
4320,-40,10000,"bu","10:24:26",1775100
4310,-50,82900,"bu","10:24:29",1858000
4320,-40,100,"sd","10:24:36",1858100
4310,-50,27000,"sd","10:25:21",1885100
4310,-50,100,"bu","10:25:32",1885200
4310,-50,500,"sd","10:25:33",1885700
4310,-50,800,"bu","10:25:49",1886500
4310,-50,900,"sd","10:25:54",1887400
4310,-50,3000,"sd","10:25:56",1890400
4310,-50,2000,"sd","10:26:00",1892400
4310,-50,100,"sd","10:26:08",1892500
4310,-50,10100,"bu","10:26:10",1902600
4310,-50,5700,"bu","10:26:14",1908300
4310,-50,10000,"sd","10:26:38",1918300
4310,-50,100,"bu","10:27:17",1918400
4320,-40,3400,"bu","10:27:44",1921800
4320,-40,200,"sd","10:28:18",1922000
4320,-40,1000,"bu","10:28:24",1923000
4320,-40,500,"sd","10:28:31",1923500
4310,-50,10000,"sd","10:29:00",1933500
4310,-50,1500,"bu","10:29:16",1935000
4310,-50,46300,"sd","10:29:23",1981300
4310,-50,100,"sd","10:29:27",1981400
4310,-50,3700,"bu","10:29:29",1985100
4310,-50,22700,"sd","10:29:54",2015100
4310,-50,11400,"bu","10:30:17",2026500
4310,-50,200,"sd","10:30:24",2026700
4310,-50,5000,"bu","10:30:26",2031700
4310,-50,200,"bu","10:30:29",2031900
4310,-50,1000,"sd","10:30:30",2032900
4310,-50,300,"sd","10:30:40",2033200
4310,-50,200,"bu","10:30:56",2033400
4310,-50,800,"sd","10:30:58",2034200
4300,-60,2900,"sd","10:31:21",2037100
4300,-60,2000,"bu","10:31:22",2039100
4310,-50,12000,"sd","10:31:24",2051100
4310,-50,100,"sd","10:31:41",2051200
4310,-50,5000,"sd","10:31:42",2056200
4310,-50,19800,"sd","10:31:44",2076000
4310,-50,2000,"bu","10:32:11",2078000
4310,-50,2000,"sd","10:32:16",2080000
4310,-50,500,"sd","10:32:26",2080500
4310,-50,3000,"bu","10:32:44",2083500
4310,-50,5000,"bu","10:32:59",2088500
4310,-50,300,"bu","10:33:01",2088800
4310,-50,21200,"bu","10:33:24",2110000
4310,-50,100,"bu","10:33:34",2110100
4310,-50,15200,"bu","10:33:43",2125300
4310,-50,1000,"bu","10:33:54",2126300
4310,-50,300,"sd","10:34:13",2126600
4310,-50,100,"bu","10:34:19",2126700
4310,-50,9400,"sd","10:34:20",2136100
4310,-50,4000,"bu","10:34:26",2140100
4310,-50,1000,"sd","10:34:35",2141100
4310,-50,600,"sd","10:34:43",2141700
4310,-50,1400,"sd","10:34:57",2143100
4310,-50,3600,"bu","10:35:04",2146700
4310,-50,200,"bu","10:35:12",2146900
4300,-60,3000,"sd","10:35:18",2149900
4310,-50,700,"bu","10:35:20",2150600
4300,-60,200,"bu","10:35:46",2150800
4310,-50,2900,"sd","10:36:11",2153700
4310,-50,700,"sd","10:36:23",2154400
4300,-60,300,"sd","10:36:28",2154700
4300,-60,5000,"bu","10:36:46",2159700
4300,-60,4000,"bu","10:36:47",2163700
4300,-60,8300,"sd","10:37:16",2172000
4310,-50,10000,"sd","10:37:22",2182000
4300,-60,100,"bu","10:37:24",2182100
4310,-50,200,"sd","10:37:30",2182300
4300,-60,172100,"sd","10:37:33",2354400
4300,-60,27900,"sd","10:37:34",2382300
4300,-60,78500,"sd","10:37:37",2460800
4300,-60,1000,"sd","10:38:04",2461800
4290,-70,38000,"bu","10:38:21",2499800
4300,-60,1000,"sd","10:38:25",2500800
4290,-70,7000,"bu","10:38:56",2507800
4290,-70,100,"bu","10:38:57",2507900
4290,-70,2800,"sd","10:38:58",2510700
4290,-70,1200,"bu","10:39:09",2511900
4290,-70,100,"sd","10:39:11",2512000
4290,-70,1100,"bu","10:39:12",2513100
4290,-70,100,"bu","10:39:19",2513200
4290,-70,1100,"bu","10:39:36",2514300
4280,-80,10000,"sd","10:39:39",2524300
4280,-80,5000,"sd","10:39:40",2529300
4290,-70,500,"bu","10:40:12",2529800
4280,-80,300,"bu","10:40:18",2530100
4290,-70,100,"sd","10:40:22",2530200
4280,-80,1000,"sd","10:40:23",2531200
4290,-70,2000,"sd","10:40:34",2533200
4290,-70,100,"sd","10:40:38",2533300
4280,-80,68000,"sd","10:40:44",2601300
4280,-80,100,"bu","10:40:48",2601400
4290,-70,3700,"sd","10:40:51",2605100
4290,-70,4400,"bu","10:40:52",2609500
4290,-70,600,"sd","10:41:14",2610100
4290,-70,1000,"bu","10:41:36",2611100
4290,-70,7100,"sd","10:41:41",2618200
4280,-80,3200,"bu","10:42:04",2621400
4280,-80,3000,"bu","10:42:14",2624400
4290,-70,400,"bu","10:42:32",2624800
4280,-80,32200,"sd","10:42:37",2657000
4290,-70,100,"bu","10:42:43",2657100
4290,-70,10000,"sd","10:42:51",2667100
4290,-70,1000,"sd","10:42:52",2668100
4290,-70,11000,"bu","10:43:05",2679100
4290,-70,5100,"bu","10:43:07",2684200
4290,-70,21100,"sd","10:43:09",2705300
4290,-70,6200,"sd","10:43:16",2711500
4290,-70,8500,"bu","10:43:18",2720000
4290,-70,6500,"bu","10:43:36",2726500
4290,-70,500,"bu","10:43:50",2727000
4290,-70,100,"sd","10:43:52",2727100
4290,-70,1000,"sd","10:43:56",2728100
4290,-70,3000,"sd","10:44:08",2731100
4290,-70,100,"sd","10:44:24",2731200
4290,-70,500,"bu","10:44:29",2731700
4290,-70,1100,"sd","10:44:43",2732800
4290,-70,100,"bu","10:45:05",2732900
4290,-70,5100,"bu","10:45:22",2738000
4280,-80,5600,"bu","10:45:42",2743600
4280,-80,15000,"sd","10:46:15",2758600
4280,-80,1500,"bu","10:46:29",2760100
4280,-80,9900,"bu","10:46:49",2770000
4290,-70,1000,"sd","10:46:51",2771000
4280,-80,6000,"bu","10:47:06",2777000
4280,-80,30000,"bu","10:47:13",2807000
4280,-80,3500,"bu","10:48:01",2810500
4290,-70,100,"bu","10:48:07",2810600
4280,-80,200,"sd","10:48:11",2810800
4290,-70,300,"sd","10:48:32",2811100
4280,-80,14000,"bu","10:48:49",2825100
4290,-70,5000,"sd","10:48:52",2830100
4290,-70,100,"bu","10:48:57",2830200
4290,-70,50000,"sd","10:48:59",2880200
4290,-70,1000,"sd","10:49:03",2881200
4290,-70,3100,"bu","10:49:05",2884300
4290,-70,5000,"bu","10:49:09",2889300
4290,-70,4100,"bu","10:49:11",2893400
4290,-70,100,"bu","10:49:14",2893500
4290,-70,4600,"sd","10:49:21",2898100
4290,-70,100,"bu","10:49:22",2898200
4290,-70,900,"sd","10:49:23",2899100
4290,-70,1400,"bu","10:49:29",2900500
4280,-80,5000,"bu","10:49:37",2905500
4280,-80,1000,"bu","10:49:53",2906500
4280,-80,300,"bu","10:50:08",2906800
4280,-80,100,"bu","10:50:25",2906900
4280,-80,500,"sd","10:50:26",2907400
4290,-70,7600,"bu","10:50:43",2915000
4290,-70,5000,"bu","10:51:05",2920000
4280,-80,10000,"sd","10:51:06",2930000
4290,-70,100,"bu","10:51:12",2930100
4290,-70,1400,"sd","10:51:13",2931500
4270,-90,171100,"sd","10:51:28",3102600
4290,-70,200,"sd","10:51:29",3102800
4280,-80,500,"bu","10:51:47",3103300
4280,-80,600,"bu","10:51:50",3103900
4270,-90,5000,"sd","10:51:54",3108900
4280,-80,100,"sd","10:52:04",3109000
4270,-90,5300,"sd","10:52:09",3114300
4270,-90,200,"bu","10:52:32",3114500
4280,-80,1000,"sd","10:53:02",3115500
4270,-90,500,"sd","10:53:09",3116000
4270,-90,10000,"sd","10:53:10",3126000
4270,-90,100,"sd","10:53:26",3126100
4270,-90,6500,"sd","10:53:28",3132600
4280,-80,23500,"bu","10:53:32",3156100
4280,-80,3000,"sd","10:53:38",3159100
4270,-90,50000,"bu","10:53:40",3209100
4280,-80,2000,"bu","10:53:47",3211100
4280,-80,9000,"bu","10:54:14",3220100
4280,-80,500,"sd","10:54:26",3220600
4280,-80,200,"bu","10:54:32",3220800
4280,-80,2000,"bu","10:54:37",3222800
4280,-80,400,"bu","10:54:39",3223200
4280,-80,2000,"bu","10:54:40",3225200
4280,-80,7000,"sd","10:54:42",3232200
4280,-80,4300,"bu","10:54:56",3236500
4290,-70,4800,"sd","10:55:34",3241300
4290,-70,5600,"sd","10:55:49",3246900
4290,-70,1000,"sd","10:55:53",3247900
4290,-70,2800,"bu","10:56:15",3250700
4280,-80,100,"bu","10:56:16",3250800
4290,-70,14400,"bu","10:56:23",3265200
4290,-70,1000,"sd","10:56:28",3266200
4290,-70,200,"sd","10:56:42",3266400
4290,-70,2000,"bu","10:56:53",3268400
4290,-70,10000,"sd","10:57:05",3278400
4290,-70,10000,"bu","10:57:12",3288400
4290,-70,100,"sd","10:57:23",3288500
4290,-70,2000,"sd","10:57:27",3290500
4290,-70,4600,"bu","10:57:31",3295100
4300,-60,20000,"bu","10:57:32",3315100
4300,-60,300,"bu","10:57:47",3315400
4290,-70,900,"sd","10:57:49",3316300
4290,-70,300,"sd","10:58:39",3316600
4290,-70,100,"bu","10:59:50",3316700
4290,-70,500,"sd","10:59:55",3317200
4290,-70,1000,"sd","11:00:30",3318200
4290,-70,1200,"sd","11:01:10",3319400
4300,-60,800,"bu","11:01:23",3320200
4300,-60,10300,"sd","11:02:02",3330500
4300,-60,2000,"bu","11:02:15",3332500
4290,-70,1700,"bu","11:02:31",3334200
4290,-70,24600,"bu","11:02:36",3358800
4290,-70,5000,"sd","11:02:50",3363800
4290,-70,400,"bu","11:03:00",3364200
4290,-70,3000,"sd","11:03:18",3367200
4300,-60,1000,"bu","11:03:37",3368200
4290,-70,10000,"sd","11:04:50",3378200
4290,-70,2000,"bu","11:04:55",3380200
4300,-60,3000,"sd","11:05:18",3383200
4300,-60,100,"bu","11:06:43",3383300
4300,-60,1000,"sd","11:07:10",3384300
4300,-60,500,"sd","11:07:28",3384800
4300,-60,5000,"sd","11:07:36",3389800
4300,-60,400,"bu","11:07:46",3390200
4290,-70,200,"bu","11:08:46",3390400
4300,-60,500,"sd","11:08:54",3390900
4300,-60,10000,"bu","11:09:02",3400900
4300,-60,900,"bu","11:09:19",3401800
4300,-60,500,"sd","11:09:43",3402300
4300,-60,100,"sd","11:10:26",3402400
4300,-60,5100,"sd","11:11:09",3407500
4300,-60,600,"bu","11:11:23",3408100
4300,-60,700,"sd","11:11:39",3408800
4300,-60,300,"sd","11:12:11",3409100
4300,-60,200,"bu","11:12:27",3409300
4290,-70,6000,"bu","11:12:44",3415300
4300,-60,100,"sd","11:13:39",3415400
4300,-60,200,"bu","11:13:45",3415600
4290,-70,100,"sd","11:14:11",3415700
4290,-70,300,"sd","11:14:39",3416000
4290,-70,2000,"bu","11:14:52",3418000
4300,-60,100,"sd","11:15:01",3418100
4290,-70,41700,"sd","11:15:36",3459800
4290,-70,2000,"bu","11:15:43",3461800
4300,-60,700,"bu","11:15:59",3462500
4290,-70,2000,"sd","11:16:00",3464500
4290,-70,600,"bu","11:16:11",3465100
4300,-60,10000,"bu","11:16:19",3475100
4290,-70,25000,"bu","11:16:26",3500100
4290,-70,2000,"bu","11:16:30",3502100
4290,-70,13700,"sd","11:16:40",3515800
4290,-70,2500,"bu","11:17:06",3518300
4290,-70,1000,"sd","11:17:16",3519300
4290,-70,1000,"bu","11:17:54",3520300
4290,-70,20000,"bu","11:17:59",3540300
4280,-80,21500,"sd","11:18:01",3561800
4290,-70,200,"sd","11:18:11",3562000
4290,-70,300,"bu","11:18:40",3562300
4290,-70,3200,"bu","11:18:57",3565500
4290,-70,500,"bu","11:19:03",3566000
4280,-80,25000,"sd","11:19:06",3591000
4290,-70,1000,"bu","11:19:16",3592000
4290,-70,200,"sd","11:19:40",3592200
4290,-70,100,"sd","11:19:47",3592300
4280,-80,7200,"sd","11:19:49",3599500
4290,-70,200,"sd","11:19:58",3599700
4290,-70,100,"sd","11:20:18",3599800
4290,-70,1000,"bu","11:20:50",3600800
4290,-70,100,"bu","11:21:03",3600900
4290,-70,2100,"sd","11:21:10",3603000
4290,-70,100,"bu","11:21:19",3603100
4290,-70,300,"sd","11:21:28",3603400
4290,-70,48300,"sd","11:21:32",3651700
4290,-70,3000,"sd","11:21:53",3654700
4290,-70,7000,"bu","11:22:00",3661700
4290,-70,2800,"sd","11:22:44",3664500
4300,-60,100,"sd","11:22:50",3664600
4290,-70,4000,"bu","11:22:52",3668600
4300,-60,65100,"bu","11:22:55",3733700
4300,-60,500,"sd","11:22:56",3734200
4300,-60,1500,"sd","11:24:11",3735700
4310,-50,5000,"sd","11:25:25",3740700
4300,-60,3000,"sd","11:26:00",3743700
4300,-60,2000,"sd","11:27:15",3745700
4300,-60,400,"bu","11:27:28",3746100
4300,-60,5900,"bu","11:27:43",3752000
4300,-60,400,"sd","11:28:16",3752400
4300,-60,200,"bu","11:28:30",3752600
4290,-70,30000,"bu","11:28:59",3782600
4290,-70,500,"bu","11:29:30",3783100
4300,-60,10600,"sd","11:29:34",3793700
4290,-70,200,"sd","11:29:42",3793900
4290,-70,400,"bu","13:00:08",3794300
4290,-70,12400,"bu","13:00:21",3806700
4290,-70,23500,"bu","13:00:22",3830200
4290,-70,7000,"bu","13:00:23",3837200
4290,-70,3000,"bu","13:00:24",3840200
4290,-70,500,"sd","13:00:28",3840700
4290,-70,13300,"bu","13:00:35",3854000
4290,-70,600,"sd","13:00:37",3854600
4290,-70,1800,"sd","13:00:39",3856400
4290,-70,16200,"sd","13:00:39",3872600
4300,-60,46400,"bu","13:00:42",3919000
4290,-70,2100,"bu","13:00:45",3921100
4270,-90,140000,"sd","13:00:46",4061100
4290,-70,1700,"sd","13:00:53",4062800
4270,-90,5200,"bu","13:01:00",4089000
4280,-80,800,"sd","13:01:01",4089800
4280,-80,2000,"bu","13:01:06",4091800
4280,-80,13100,"bu","13:01:09",4104900
4280,-80,17100,"sd","13:01:12",4122000
4280,-80,1000,"sd","13:01:13",4123000
4270,-90,2000,"bu","13:01:16",4125000
4270,-90,2000,"sd","13:01:24",4127000
4280,-80,10000,"sd","13:01:29",4137000
4280,-80,400,"bu","13:01:36",4137400
4280,-80,1000,"bu","13:01:44",4138400
4280,-80,200,"sd","13:01:49",4138600
4280,-80,4500,"sd","13:01:53",4143100
4280,-80,100,"bu","13:01:57",4143200
4280,-80,1100,"bu","13:02:05",4144300
4280,-80,500,"bu","13:02:09",4144800
4270,-90,600,"bu","13:02:16",4145400
4270,-90,2000,"sd","13:02:18",4147400
4270,-90,4600,"sd","13:02:33",4152000
4280,-80,400,"bu","13:02:35",4152400
4270,-90,500,"bu","13:02:47",4152900
4270,-90,5000,"sd","13:02:53",4157900
4270,-90,2000,"sd","13:03:05",4159900
4270,-90,1800,"sd","13:03:06",4161700
4270,-90,300,"sd","13:03:12",4162000
4280,-80,200,"sd","13:03:36",4162200
4270,-90,5000,"bu","13:03:53",4167200
4270,-90,2000,"bu","13:03:54",4169200
4280,-80,10000,"sd","13:03:59",4179200
4270,-90,1500,"bu","13:04:04",4180700
4280,-80,2500,"sd","13:04:07",4183200
4280,-80,10000,"bu","13:04:12",4193200
4280,-80,100,"sd","13:04:13",4193300
4270,-90,500,"bu","13:04:15",4193800
4280,-80,4000,"sd","13:04:27",4197800
4260,-100,141400,"sd","13:04:29",4339200
4270,-90,6000,"sd","13:04:34",4345200
4260,-100,300,"sd","13:04:40",4345500
4270,-90,200,"bu","13:04:41",4345700
4270,-90,100,"sd","13:04:46",4345800
4270,-90,1000,"bu","13:04:49",4346800
4270,-90,200,"sd","13:04:52",4347000
4270,-90,10000,"sd","13:04:56",4357000
4270,-90,200,"sd","13:05:00",4357200
4270,-90,10200,"bu","13:05:07",4367400
4270,-90,1000,"sd","13:05:08",4368400
4260,-100,500,"bu","13:05:10",4368900
4270,-90,400,"sd","13:05:11",4369300
4270,-90,900,"sd","13:05:33",4370200
4270,-90,200,"sd","13:05:55",4370400
4270,-90,20000,"sd","13:06:02",4390400
4270,-90,1000,"sd","13:06:04",4391400
4270,-90,1200,"bu","13:06:06",4392600
4270,-90,100,"sd","13:06:23",4392700
4270,-90,7000,"bu","13:06:25",4399700
4270,-90,3400,"bu","13:06:28",4403100
4270,-90,300,"sd","13:06:31",4403400
4270,-90,9000,"sd","13:06:36",4412400
4270,-90,2300,"bu","13:06:37",4414700
4270,-90,1000,"bu","13:06:41",4415700
4270,-90,1100,"bu","13:06:49",4416800
4270,-90,5400,"bu","13:06:52",4422200
4270,-90,1700,"sd","13:06:53",4423900
4260,-100,173500,"sd","13:06:59",4597400
4270,-90,107800,"sd","13:07:01",4705200
4250,-110,600,"sd","13:07:05",4705800
4250,-110,8000,"bu","13:07:31",4713800
4270,-90,6300,"bu","13:07:33",4720100
4260,-100,300,"bu","13:07:39",4720400
4260,-100,200,"sd","13:07:44",4720600
4260,-100,2100,"bu","13:07:48",4722700
4250,-110,1200,"bu","13:07:50",4723900
4260,-100,100,"sd","13:07:55",4724000
4260,-100,1300,"sd","13:08:02",4725300
4260,-100,2000,"bu","13:08:22",4727300
4260,-100,63800,"sd","13:08:31",4791100
4260,-100,4500,"sd","13:08:32",4795600
4260,-100,300,"bu","13:08:33",4795900
4250,-110,201500,"sd","13:08:35",4997400
4250,-110,23700,"bu","13:08:40",5021100
4250,-110,10000,"bu","13:08:41",5031100
4250,-110,66100,"sd","13:08:43",5097200
4250,-110,100,"sd","13:08:45",5097300
4250,-110,12700,"sd","13:08:48",5110000
4240,-120,2000,"sd","13:08:50",5112000
4230,-130,27200,"bu","13:08:51",5139200
4220,-140,200,"sd","13:08:59",5139400
4230,-130,600,"bu","13:09:00",5140000
4210,-150,5000,"bu","13:09:01",5145000
4220,-140,1200,"sd","13:09:06",5146200
4220,-140,2000,"sd","13:09:09",5148200
4210,-150,92400,"sd","13:09:10",5240600
4210,-150,5000,"sd","13:09:12",5245600
4210,-150,500,"sd","13:09:13",5246100
4210,-150,600,"bu","13:09:15",5246700
4210,-150,1100,"bu","13:09:16",5247800
4210,-150,5200,"bu","13:09:18",5253000
4200,-160,200200,"bu","13:09:19",5453200
4210,-150,300,"sd","13:09:20",5453500
4210,-150,1500,"sd","13:09:22",5455000
4210,-150,100,"sd","13:09:23",5455100
4210,-150,3200,"bu","13:09:25",5458300
4200,-160,2000,"bu","13:09:27",5460300
4210,-150,24400,"sd","13:09:31",5484700
4210,-150,400,"sd","13:09:40",5485100
4210,-150,90100,"sd","13:09:42",5575200
4220,-140,5000,"bu","13:09:43",5580200
4210,-150,100,"sd","13:09:46",5580300
4220,-140,2100,"bu","13:09:50",5582400
4220,-140,20000,"bu","13:09:51",5602400
4220,-140,400,"bu","13:09:57",5602800
4220,-140,500,"sd","13:09:59",5603300
4220,-140,7000,"bu","13:10:00",5610300
4220,-140,3500,"sd","13:10:02",5613800
4220,-140,5100,"sd","13:10:05",5618900
4220,-140,1200,"bu","13:10:06",5620100
4220,-140,2000,"sd","13:10:08",5622100
4220,-140,600,"bu","13:10:09",5622700
4230,-130,1500,"sd","13:10:24",5624200
4230,-130,100,"bu","13:10:26",5624300
4220,-140,50400,"bu","13:10:29",5674700
4230,-130,500,"sd","13:10:36",5675200
4240,-120,3000,"sd","13:10:45",5678200
4230,-130,700,"sd","13:10:54",5678900
4240,-120,47100,"bu","13:10:58",5726000
4240,-120,200,"sd","13:10:59",5726200
4230,-130,3000,"bu","13:11:01",5729200
4240,-120,4000,"sd","13:11:03",5733200
4240,-120,500,"sd","13:11:04",5733700
4230,-130,10000,"sd","13:11:11",5743700
4230,-130,100,"sd","13:11:12",5743800
4230,-130,1000,"bu","13:11:36",5744800
4240,-120,400,"bu","13:11:37",5745200
4230,-130,5800,"sd","13:11:39",5751000
4220,-140,37900,"bu","13:11:42",5788900
4220,-140,10000,"sd","13:11:44",5798900
4230,-130,100,"bu","13:11:45",5799000
4230,-130,5000,"sd","13:11:55",5804000
4230,-130,2000,"sd","13:12:01",5806000
4230,-130,7500,"bu","13:12:07",5813500
4230,-130,5600,"sd","13:12:08",5819100
4230,-130,1000,"sd","13:12:10",5820100
4230,-130,1400,"bu","13:12:12",5821500
4230,-130,1300,"sd","13:12:15",5822800
4240,-120,10000,"bu","13:12:19",5832800
4240,-120,7900,"bu","13:12:21",5840700
4230,-130,14300,"sd","13:12:22",5855000
4230,-130,100,"bu","13:12:29",5855100
4230,-130,5400,"sd","13:12:35",5860500
4230,-130,4500,"sd","13:12:39",5865000
4230,-130,4400,"sd","13:12:40",5869400
4230,-130,10000,"sd","13:12:42",5879400
4230,-130,2400,"bu","13:12:45",5881800
4230,-130,2800,"sd","13:13:00",5884600
4230,-130,300,"bu","13:13:11",5884900
4230,-130,100,"sd","13:13:26",5885000
4240,-120,1000,"sd","13:13:40",5886000
4240,-120,3100,"sd","13:13:53",5889100
4240,-120,1300,"bu","13:13:59",5890400
4230,-130,19700,"bu","13:14:00",5910100
4230,-130,30300,"bu","13:14:02",5940400
4230,-130,500,"sd","13:14:28",5940900
4220,-140,150000,"bu","13:14:30",6090900
4230,-130,8000,"bu","13:14:41",6098900
4220,-140,2000,"bu","13:14:50",6100900
4220,-140,7000,"bu","13:14:55",6107900
4220,-140,50000,"sd","13:15:00",6157900
4210,-150,247500,"bu","13:15:01",6405400
4200,-160,13800,"sd","13:15:03",6419200
4210,-150,10400,"bu","13:15:13",6429600
4210,-150,2800,"bu","13:15:16",6432400
4210,-150,500,"sd","13:15:19",6432900
4210,-150,10000,"sd","13:15:22",6442900
4210,-150,5000,"sd","13:15:24",6447900
4210,-150,400,"bu","13:15:27",6448300
4200,-160,20000,"bu","13:15:30",6468300
4210,-150,400,"sd","13:15:32",6468700
4210,-150,2000,"bu","13:15:33",6470700
4210,-150,5900,"sd","13:15:34",6476600
4210,-150,200,"bu","13:15:38",6476800
4200,-160,50000,"sd","13:15:39",6526800
4210,-150,10000,"bu","13:15:46",6536800
4210,-150,11000,"sd","13:15:50",6547800
4200,-160,128100,"sd","13:15:53",6675900
4210,-150,60000,"sd","13:15:55",6735900
4200,-160,30000,"sd","13:15:57",6765900
4200,-160,15900,"sd","13:15:58",6781800
4210,-150,6000,"sd","13:16:00",6787800
4210,-150,1200,"sd","13:16:01",6789000
4200,-160,7700,"bu","13:16:02",6796700
4210,-150,13200,"bu","13:16:04",6809900
4200,-160,1800,"bu","13:16:05",6811700
4210,-150,10300,"bu","13:16:07",6822000
4200,-160,25900,"bu","13:16:10",6847900
4210,-150,1200,"bu","13:16:11",6849100
4210,-150,11100,"bu","13:16:14",6860200
4210,-150,9200,"bu","13:16:15",6869400
4210,-150,62100,"bu","13:16:17",6931500
4210,-150,5000,"bu","13:16:20",6936500
4220,-140,18200,"bu","13:16:36",6954700
4220,-140,900,"sd","13:16:42",6955600
4210,-150,10000,"sd","13:16:44",6965600
4210,-150,2000,"sd","13:16:50",6967600
4230,-130,10000,"sd","13:16:53",6977600
4230,-130,5000,"sd","13:17:01",6982600
4230,-130,900,"sd","13:17:07",6983500
4250,-110,20000,"sd","13:17:12",7003500
4250,-110,2900,"bu","13:17:25",7006400
4250,-110,200,"sd","13:17:28",7006600
4250,-110,1000,"bu","13:17:30",7007600
4250,-110,500,"bu","13:17:32",7008100
4250,-110,2000,"sd","13:17:42",7010100
4250,-110,500,"sd","13:17:45",7010600
4260,-100,1300,"sd","13:18:05",7011900
4250,-110,5600,"sd","13:18:21",7017500
4260,-100,5000,"bu","13:18:26",7022500
4260,-100,2000,"bu","13:18:29",7024500
4260,-100,100,"sd","13:18:53",7024600
4260,-100,700,"bu","13:18:57",7025300
4260,-100,1200,"bu","13:19:01",7026500
4250,-110,5000,"sd","13:19:03",7031500
4250,-110,10000,"bu","13:19:09",7041500
4260,-100,20700,"sd","13:19:11",7062200
4260,-100,10000,"sd","13:19:15",7072200
4250,-110,1000,"bu","13:19:16",7073200
4250,-110,5000,"sd","13:19:18",7078200
4250,-110,6500,"bu","13:19:26",7084700
4250,-110,200,"sd","13:19:31",7084900
4250,-110,300,"bu","13:19:42",7085200
4250,-110,400,"sd","13:19:43",7085600
4260,-100,2000,"sd","13:19:46",7087600
4250,-110,17400,"bu","13:19:51",7105000
4250,-110,100,"sd","13:19:53",7105100
4250,-110,3500,"sd","13:20:15",7108600
4250,-110,7200,"bu","13:20:20",7115800
4250,-110,1000,"sd","13:20:29",7116800
4250,-110,600,"sd","13:20:33",7117400
4250,-110,100,"sd","13:20:43",7117500
4250,-110,10000,"sd","13:20:44",7127500
4250,-110,1000,"bu","13:20:48",7128500
4260,-100,19700,"bu","13:20:54",7148200
4260,-100,300,"bu","13:20:56",7148500
4260,-100,200,"bu","13:21:03",7148700
4260,-100,100,"bu","13:21:18",7148800
4260,-100,1000,"sd","13:21:26",7149800
4260,-100,200,"sd","13:21:28",7150000
4260,-100,1500,"bu","13:21:30",7151500
4260,-100,600,"bu","13:21:40",7152100
4250,-110,400,"bu","13:21:42",7152500
4260,-100,200,"sd","13:21:44",7152700
4260,-100,100,"bu","13:22:16",7152800
4260,-100,2200,"sd","13:22:18",7155000
4260,-100,400,"bu","13:22:24",7155400
4260,-100,100,"sd","13:22:28",7155500
4260,-100,12900,"bu","13:22:35",7168400
4260,-100,37000,"bu","13:23:22",7205400
4260,-100,1000,"sd","13:23:35",7206400
4260,-100,64000,"bu","13:24:00",7270400
4260,-100,10000,"sd","13:24:06",7280400
4260,-100,6100,"bu","13:24:08",7286500
4250,-110,1400,"bu","13:24:09",7287900
4260,-100,1000,"sd","13:24:12",7288900
4260,-100,100,"sd","13:24:14",7289000
4260,-100,2000,"bu","13:24:17",7291000
4260,-100,86100,"bu","13:24:20",7377100
4250,-110,1900,"sd","13:24:48",7379000
4250,-110,100,"bu","13:24:53",7379100
4260,-100,1000,"sd","13:25:11",7380100
4260,-100,4600,"bu","13:25:27",7384700
4260,-100,5000,"sd","13:25:33",7389700
4250,-110,16200,"bu","13:25:35",7405900
4250,-110,3800,"sd","13:25:36",7409700
4260,-100,400,"bu","13:25:40",7410100
4250,-110,46100,"bu","13:25:41",7456200
4260,-100,300,"sd","13:25:46",7456500
4260,-100,12000,"bu","13:25:56",7468500
4260,-100,1100,"sd","13:26:14",7469600
4260,-100,1000,"sd","13:26:25",7470600
4260,-100,4200,"sd","13:26:35",7474800
4260,-100,500,"sd","13:26:39",7475300
4260,-100,1000,"bu","13:26:59",7476300
4260,-100,100,"bu","13:27:07",7476400
4260,-100,10000,"bu","13:27:13",7486400
4250,-110,9000,"sd","13:27:33",7495400
4260,-100,17000,"bu","13:27:39",7512400
4260,-100,3100,"bu","13:27:40",7515500
4260,-100,100,"sd","13:27:43",7515600
4260,-100,1000,"bu","13:27:48",7516600
4250,-110,300,"bu","13:28:06",7516900
4260,-100,2000,"bu","13:28:13",7518900
4260,-100,1000,"sd","13:28:47",7519900
4260,-100,1300,"bu","13:29:29",7521200
4260,-100,200,"bu","13:29:37",7521400
4250,-110,300,"bu","13:29:41",7521700
4250,-110,20000,"sd","13:29:57",7541700
4260,-100,44900,"bu","13:30:09",7586600
4250,-110,1600,"bu","13:30:12",7588200
4250,-110,60000,"bu","13:30:14",7648200
4250,-110,200,"sd","13:30:20",7648400
4250,-110,1000,"sd","13:30:22",7649400
4250,-110,4000,"sd","13:30:28",7653400
4250,-110,2900,"sd","13:30:39",7656300
4250,-110,500,"bu","13:30:40",7656800
4250,-110,5000,"sd","13:30:42",7661800
4250,-110,1800,"bu","13:30:58",7663600
4250,-110,900,"sd","13:31:12",7664500
4250,-110,200,"bu","13:31:34",7664700
4250,-110,100,"bu","13:31:37",7664800
4250,-110,1000,"sd","13:31:43",7665800
4250,-110,100,"bu","13:31:47",7665900
4240,-120,10100,"sd","13:32:03",7676000
4240,-120,700,"bu","13:32:10",7676700
4250,-110,500,"sd","13:32:11",7677200
4240,-120,4000,"sd","13:32:19",7681200
4240,-120,1000,"sd","13:32:38",7682200
4240,-120,49100,"sd","13:32:43",7731300
4230,-130,800,"bu","13:32:47",7732100
4230,-130,1000,"sd","13:32:48",7733100
4230,-130,500,"sd","13:32:50",7733600
4230,-130,11000,"sd","13:33:11",7744600
4230,-130,22000,"sd","13:33:24",7766600
4230,-130,22300,"sd","13:33:36",7788900
4230,-130,8700,"bu","13:33:42",7797600
4240,-120,700,"sd","13:33:43",7798300
4240,-120,400,"bu","13:33:50",7798700
4230,-130,200,"sd","13:33:55",7798900
4230,-130,3000,"bu","13:34:07",7801900
4230,-130,1000,"sd","13:34:19",7802900
4230,-130,500,"sd","13:34:37",7803400
4230,-130,3200,"bu","13:34:51",7806600
4230,-130,1000,"bu","13:34:53",7807600
4230,-130,500,"sd","13:35:05",7808100
4240,-120,100,"sd","13:35:15",7808200
4230,-130,500,"sd","13:35:17",7808700
4230,-130,400,"sd","13:35:34",7809100
4230,-130,8000,"sd","13:35:35",7817100
4240,-120,22200,"sd","13:35:40",7839300
4240,-120,4000,"bu","13:35:58",7843300
4240,-120,1100,"sd","13:36:05",7844400
4240,-120,1000,"sd","13:36:40",7845400
4240,-120,2100,"sd","13:37:04",7847500
4240,-120,100,"sd","13:37:13",7847600
4240,-120,5000,"sd","13:37:21",7852600
4240,-120,3000,"bu","13:37:26",7855600
4240,-120,3000,"sd","13:37:34",7858600
4240,-120,4900,"bu","13:37:41",7863500
4240,-120,100,"bu","13:38:03",7863600
4230,-130,24000,"bu","13:38:06",7887600
4220,-140,1200,"sd","13:38:17",7888800
4230,-130,100,"bu","13:38:21",7888900
4230,-130,500,"bu","13:38:28",7889400
4230,-130,200,"sd","13:38:30",7889600
4230,-130,300,"bu","13:38:36",7889900
4230,-130,5000,"bu","13:38:41",7894900
4230,-130,100,"bu","13:38:45",7895000
4230,-130,5000,"bu","13:38:53",7900000
4230,-130,100,"bu","13:39:01",7900100
4230,-130,1300,"sd","13:39:05",7901400
4230,-130,100,"sd","13:39:07",7901500
4230,-130,2000,"sd","13:39:12",7903500
4230,-130,100,"bu","13:39:25",7903600
4230,-130,500,"sd","13:39:28",7904100
4230,-130,1000,"bu","13:39:30",7905100
4230,-130,3000,"bu","13:39:33",7908100
4220,-140,1600,"sd","13:39:37",7909700
4230,-130,200,"bu","13:39:40",7909900
4230,-130,100,"bu","13:39:49",7910000
4230,-130,1000,"sd","13:39:59",7911000
4230,-130,500,"sd","13:40:04",7911500
4230,-130,100,"bu","13:40:09",7911600
4230,-130,500,"sd","13:40:15",7912100
4230,-130,100,"sd","13:40:22",7912200
4230,-130,4000,"sd","13:40:24",7916200
4230,-130,400,"bu","13:40:31",7916600
4230,-130,500,"bu","13:40:38",7917100
4230,-130,100,"bu","13:40:43",7917200
4230,-130,1100,"bu","13:40:50",7918300
4220,-140,5000,"sd","13:40:52",7923300
4230,-130,2000,"sd","13:40:54",7925300
4230,-130,47300,"sd","13:40:57",7972600
4230,-130,31000,"sd","13:41:06",8003600
4230,-130,10000,"sd","13:41:16",8013600
4240,-120,500,"sd","13:41:24",8014100
4240,-120,100,"sd","13:41:35",8014200
4230,-130,5000,"sd","13:41:42",8019200
4240,-120,1000,"sd","13:41:45",8020200
4240,-120,200,"sd","13:41:52",8020400
4230,-130,1600,"sd","13:41:56",8022000
4240,-120,10000,"bu","13:42:10",8032000
4240,-120,200,"bu","13:42:35",8032200
4240,-120,1400,"bu","13:42:48",8033600
4240,-120,2000,"bu","13:42:49",8035600
4240,-120,200,"sd","13:42:51",8035800
4250,-110,2300,"sd","13:43:32",8038100
4240,-120,500,"bu","13:43:43",8038600
4240,-120,2500,"bu","13:44:00",8041100
4250,-110,500,"sd","13:44:32",8041600
4250,-110,1000,"sd","13:44:57",8042600
4250,-110,15000,"bu","13:45:28",8057600
4250,-110,100,"bu","13:45:32",8057700
4250,-110,2000,"bu","13:45:52",8059700
4250,-110,1000,"bu","13:45:56",8060700
4240,-120,4500,"sd","13:46:03",8065200
4240,-120,62100,"bu","13:46:05",8127300
4240,-120,1000,"sd","13:46:40",8128300
4240,-120,12000,"bu","13:47:14",8140300
4240,-120,5000,"sd","13:47:21",8145300
4240,-120,10100,"bu","13:47:28",8155400
4240,-120,500,"bu","13:47:37",8155900
4240,-120,2000,"bu","13:48:07",8157900
4240,-120,200,"bu","13:48:35",8158100
4240,-120,2000,"sd","13:48:55",8160100
4240,-120,5000,"sd","13:48:59",8165100
4240,-120,200,"sd","13:49:04",8165300
4240,-120,6100,"bu","13:49:17",8171400
4240,-120,5100,"sd","13:49:24",8176500
4240,-120,1500,"bu","13:50:23",8178000
4240,-120,2600,"sd","13:50:42",8180600
4240,-120,3000,"bu","13:51:07",8183600
4240,-120,43600,"sd","13:51:39",8227200
4240,-120,100,"bu","13:51:42",8227300
4240,-120,20000,"bu","13:51:57",8247300
4240,-120,5000,"bu","13:52:08",8252300
4240,-120,3000,"sd","13:52:11",8255300
4240,-120,300,"bu","13:52:21",8255600
4240,-120,300,"sd","13:52:27",8255900
4240,-120,400,"sd","13:52:35",8256300
4230,-130,5000,"bu","13:52:39",8261300
4230,-130,700,"bu","13:52:44",8262000
4230,-130,600,"bu","13:52:58",8262600
4240,-120,20000,"bu","13:53:05",8282600
4240,-120,200,"sd","13:53:07",8282800
4240,-120,6000,"sd","13:53:14",8288800
4230,-130,1400,"bu","13:53:24",8290200
4240,-120,20200,"sd","13:53:26",8310400
4240,-120,4800,"bu","13:53:33",8315200
4240,-120,2700,"bu","13:53:42",8317900
4240,-120,1000,"sd","13:53:52",8318900
4240,-120,4500,"sd","13:54:05",8323400
4240,-120,100,"bu","13:54:10",8323500
4240,-120,1000,"sd","13:54:28",8324500
4240,-120,5000,"bu","13:54:30",8329500
4240,-120,1400,"bu","13:54:39",8330900
4240,-120,100,"sd","13:54:58",8331000
4230,-130,10100,"bu","13:55:46",8341100
4230,-130,40000,"sd","13:56:03",8381100
4230,-130,1000,"bu","13:56:35",8382100
4240,-120,51000,"bu","13:56:40",8433100
4240,-120,100,"bu","13:56:42",8433200
4240,-120,11600,"bu","13:56:46",8444800
4240,-120,2000,"bu","13:56:50",8446800
4240,-120,5000,"bu","13:57:00",8451800
4240,-120,2800,"sd","13:57:10",8454600
4250,-110,900,"bu","13:57:19",8455500
4250,-110,6500,"bu","13:57:37",8462000
4240,-120,5000,"sd","13:57:43",8467000
4250,-110,200,"bu","13:57:55",8467200
4240,-120,700,"bu","13:57:57",8467900
4240,-120,2500,"bu","13:58:17",8470400
4240,-120,1600,"bu","13:58:21",8472000
4240,-120,200,"bu","13:58:25",8472200
4240,-120,100,"sd","13:58:36",8472300
4240,-120,500,"sd","13:58:46",8472800
4240,-120,100,"bu","13:58:54",8472900
4240,-120,500,"sd","13:58:58",8473400
4240,-120,100,"sd","13:59:18",8473500
4240,-120,5200,"bu","13:59:37",8478700
4250,-110,200,"sd","13:59:49",8478900
4240,-120,5000,"sd","13:59:51",8483900
4240,-120,100,"sd","13:59:59",8484000
4250,-110,2000,"sd","14:00:16",8486000
4250,-110,1000,"sd","14:00:26",8487000
4240,-120,300,"sd","14:00:37",8487300
4250,-110,50000,"bu","14:00:41",8537300
4250,-110,500,"sd","14:00:46",8537800
4250,-110,15500,"sd","14:00:48",8553300
4260,-100,51000,"bu","14:01:05",8604300
4260,-100,30000,"bu","14:01:12",8634300
4260,-100,40000,"sd","14:01:16",8674300
4260,-100,27900,"bu","14:01:18",8702200
4260,-100,2700,"sd","14:01:27",8704900
4270,-90,12000,"bu","14:01:33",8716900
4260,-100,1000,"bu","14:01:39",8717900
4270,-90,69300,"bu","14:01:41",8787200
4300,-60,100000,"bu","14:01:43",8887200
4300,-60,68400,"sd","14:02:02",8955600
4300,-60,2100,"bu","14:02:05",8957700
4300,-60,10000,"sd","14:02:06",8967700
4300,-60,45400,"sd","14:02:08",9013100
4310,-50,8000,"bu","14:02:16",9021100
4330,-30,50000,"bu","14:02:25",9071100
4330,-30,46200,"bu","14:02:37",9117300
4330,-30,300,"sd","14:02:42",9117600
4330,-30,400,"sd","14:02:48",9118000
4330,-30,17000,"sd","14:02:59",9135000
4320,-40,100,"bu","14:03:05",9135100
4310,-50,400,"sd","14:03:21",9135500
4310,-50,200,"sd","14:03:32",9135700
4310,-50,500,"sd","14:03:36",9136200
4310,-50,1000,"bu","14:03:40",9137200
4310,-50,2400,"bu","14:03:43",9139600
4300,-60,6000,"sd","14:03:49",9145600
4300,-60,13900,"sd","14:03:51",9159500
4280,-80,100,"sd","14:03:54",9159600
4270,-90,1000,"sd","14:04:05",9160600
4300,-60,100,"sd","14:04:23",9160700
4300,-60,9100,"bu","14:04:44",9169800
4300,-60,5000,"bu","14:04:52",9174800
4300,-60,2400,"sd","14:05:10",9177200
4280,-80,1800,"sd","14:05:12",9179000
4300,-60,29500,"sd","14:05:16",9208500
4300,-60,100,"bu","14:05:18",9208600
4270,-90,13000,"sd","14:05:22",9221600
4290,-70,100,"sd","14:05:31",9221700
4290,-70,900,"bu","14:05:38",9222600
4290,-70,1100,"bu","14:05:56",9223700
4290,-70,600,"bu","14:06:19",9224300
4290,-70,1000,"bu","14:06:29",9225300
4290,-70,100,"bu","14:06:39",9225400
4290,-70,1000,"sd","14:06:41",9226400
4290,-70,100,"sd","14:06:49",9226500
4280,-80,1500,"sd","14:07:02",9228000
4290,-70,1000,"bu","14:07:04",9229000
4280,-80,100,"bu","14:07:18",9229100
4290,-70,1000,"bu","14:07:22",9230100
4290,-70,200,"sd","14:07:45",9230300
4290,-70,900,"bu","14:07:55",9231200
4290,-70,5300,"bu","14:08:15",9236500
4290,-70,200,"sd","14:08:29",9236700
4290,-70,2100,"bu","14:08:32",9238800
4290,-70,3000,"sd","14:08:59",9241800
4290,-70,1000,"sd","14:09:06",9242800
4290,-70,400,"sd","14:09:43",9243200
4290,-70,1000,"bu","14:09:46",9244200
4290,-70,2100,"sd","14:10:02",9246300
4280,-80,10000,"bu","14:10:04",9256300
4290,-70,1000,"sd","14:10:06",9257300
4290,-70,10000,"sd","14:10:10",9267300
4290,-70,2000,"sd","14:10:15",9269300
4280,-80,400,"sd","14:10:24",9269700
4290,-70,7500,"sd","14:10:26",9277200
4290,-70,1800,"sd","14:10:28",9279000
4290,-70,18400,"bu","14:10:32",9297400
4290,-70,1600,"sd","14:10:39",9299000
4290,-70,4100,"bu","14:10:45",9303100
4290,-70,3000,"bu","14:10:53",9306100
4290,-70,1000,"sd","14:11:04",9307100
4290,-70,300,"sd","14:11:15",9307400
4280,-80,20000,"bu","14:11:38",9327400
4280,-80,200,"sd","14:12:15",9327600
4280,-80,2500,"sd","14:12:20",9330100
4290,-70,11700,"sd","14:12:22",9341800
4280,-80,27800,"sd","14:12:34",9369600
4280,-80,1100,"sd","14:12:37",9370700
4280,-80,100,"sd","14:12:41",9370800
4280,-80,3200,"bu","14:12:43",9374000
4280,-80,5800,"sd","14:12:50",9379800
4270,-90,200,"sd","14:13:09",9380000
4270,-90,6200,"sd","14:13:13",9386200
4260,-100,1000,"sd","14:13:24",9387200
4260,-100,400,"sd","14:13:52",9387600
4260,-100,18200,"sd","14:13:54",9405800
4260,-100,2000,"bu","14:14:16",9407800
4260,-100,7600,"sd","14:14:28",9415400
4260,-100,4000,"bu","14:14:39",9419400
4260,-100,2600,"bu","14:15:20",9422000
4260,-100,11900,"sd","14:15:31",9433900
4260,-100,100,"sd","14:15:40",9434000
4260,-100,700,"sd","14:15:48",9434700
4260,-100,2000,"bu","14:15:56",9436700
4260,-100,100,"bu","14:15:58",9436800
4260,-100,200,"bu","14:16:02",9437000
4260,-100,100,"bu","14:16:04",9437100
4260,-100,1000,"sd","14:16:09",9438100
4260,-100,4200,"bu","14:16:11",9442300
4250,-110,13900,"sd","14:16:22",9456200
4260,-100,6000,"sd","14:16:28",9462200
4260,-100,100,"sd","14:16:31",9462300
4260,-100,5900,"bu","14:16:37",9468200
4260,-100,1000,"bu","14:16:39",9469200
4250,-110,48300,"sd","14:16:48",9517500
4250,-110,10000,"sd","14:16:52",9527500
4280,-80,100,"sd","14:16:58",9527600
4250,-110,5000,"sd","14:17:28",9532600
4250,-110,1000,"sd","14:17:52",9533600
4250,-110,10000,"bu","14:18:19",9543600
4250,-110,5200,"sd","14:18:24",9548800
4260,-100,200,"sd","14:18:26",9549000
4260,-100,2000,"bu","14:18:49",9551000
4260,-100,500,"sd","14:18:53",9551500
4260,-100,500,"sd","14:18:58",9552000
4270,-90,64000,"bu","14:19:03",9616000
4270,-90,400,"bu","14:19:21",9616400
4270,-90,1500,"sd","14:19:22",9617900
4270,-90,100,"sd","14:19:38",9618000
4290,-70,50000,"bu","14:19:59",9668000
4280,-80,100,"bu","14:20:24",9668100
4280,-80,19900,"bu","14:20:38",9688000
4280,-80,19600,"bu","14:20:53",9707600
4280,-80,8000,"sd","14:21:04",9715600
4290,-70,20200,"bu","14:21:22",9735800
4280,-80,5000,"sd","14:21:24",9740800
4290,-70,1000,"bu","14:21:29",9741800
4300,-60,20000,"sd","14:21:40",9761800
4300,-60,20200,"bu","14:21:50",9782000
4300,-60,4800,"bu","14:22:01",9786800
4310,-50,64000,"sd","14:22:09",9850800
4300,-60,10000,"bu","14:22:13",9860800
4290,-70,1400,"bu","14:22:48",9862200
4300,-60,11300,"bu","14:22:59",9873500
4300,-60,4400,"sd","14:23:30",9877900
4300,-60,500,"sd","14:23:38",9878400
4300,-60,4300,"sd","14:23:42",9882700
4300,-60,200,"sd","14:23:45",9882900
4300,-60,5500,"sd","14:23:47",9888400
4300,-60,4800,"bu","14:23:51",9893200
4300,-60,200,"sd","14:23:56",9893400
4300,-60,10200,"bu","14:24:07",9903600
4300,-60,1000,"sd","14:24:13",9904600
4300,-60,2000,"bu","14:24:36",9906600
4290,-70,300,"sd","14:24:40",9906900
4290,-70,500,"bu","14:24:47",9907400
4290,-70,11800,"sd","14:24:54",9919200
4300,-60,100,"bu","14:25:01",9919300
4290,-70,50000,"bu","14:25:05",9969300
4290,-70,28000,"sd","14:25:10",9997300
4300,-60,1200,"bu","14:25:21",9998500
4290,-70,11400,"bu","14:25:23",10009900
4290,-70,100,"sd","14:25:25",10010000
4290,-70,10000,"sd","14:25:39",10020000
4300,-60,103000,"sd","14:25:57",10123000
4310,-50,3700,"sd","14:26:08",10126700
4320,-40,21200,"bu","14:26:16",10147900
4320,-40,100,"bu","14:26:33",10148000
4310,-50,200,"sd","14:26:47",10148200
4310,-50,5000,"sd","14:26:50",10153200
4300,-60,9000,"sd","14:26:52",10162200
4310,-50,100,"sd","14:27:02",10162300
4310,-50,1300,"sd","14:27:15",10163600
4310,-50,74700,"bu","14:27:21",10238300
4310,-50,100,"bu","14:27:32",10238400
4300,-60,50000,"sd","14:27:34",10288400
4300,-60,25000,"bu","14:27:37",10313400
4310,-50,1000,"bu","14:27:39",10314400
4300,-60,20100,"bu","14:27:46",10334500
4300,-60,10000,"bu","14:27:53",10344500
4310,-50,3700,"bu","14:27:58",10348200
4300,-60,1600,"sd","14:28:01",10349800
4310,-50,4500,"bu","14:28:03",10354300
4310,-50,13000,"bu","14:28:09",10367300
4300,-60,4400,"bu","14:28:12",10371700
4310,-50,2000,"bu","14:28:19",10373700
4310,-50,9000,"sd","14:28:21",10382700
4310,-50,100,"bu","14:28:27",10382800
4300,-60,18000,"sd","14:28:36",10400800
4310,-50,2000,"bu","14:28:40",10402800
4300,-60,500,"bu","14:28:42",10403300
4300,-60,5000,"sd","14:28:49",10408300
4300,-60,3000,"bu","14:28:54",10411300
4310,-50,200,"sd","14:28:57",10411500
4300,-60,300,"sd","14:28:59",10411800
4300,-60,33000,"sd","14:29:02",10444800
4300,-60,2400,"sd","14:29:04",10447200
4300,-60,40000,"sd","14:29:13",10487200
4300,-60,2000,"bu","14:29:18",10489200
4300,-60,1000,"bu","14:29:29",10490200
4290,-70,16000,"bu","14:29:32",10506200
4300,-60,400,"bu","14:29:35",10506600
4300,-60,10000,"bu","14:29:40",10516600
4290,-70,69400,"sd","14:29:43",10586000
4290,-70,9500,"sd","14:29:47",10595500
4290,-70,6300,"bu","14:29:52",10601800
4290,-70,6000,"bu","14:29:57",10607800
4280,-80,365200,"sd","14:45:11",10973000
