"price","change","match_qtty","side","time","total_vol"
31700,0,81500,"sd","09:15:08",81500
31750,50,100,"bu","09:15:19",81600
31750,50,800,"bu","09:15:39",82400
31700,0,10000,"sd","09:15:43",92400
31700,0,200,"sd","09:15:45",92600
31700,0,800,"sd","09:15:48",93400
31700,0,5000,"bu","09:15:54",128400
31700,0,200,"sd","09:16:04",128600
31700,0,800,"bu","09:16:05",129400
31750,50,200,"sd","09:16:22",129600
31700,0,16500,"bu","09:16:31",146100
31700,0,300,"bu","09:16:34",146400
31700,0,4600,"sd","09:16:43",151000
31700,0,100,"bu","09:16:44",151100
31700,0,10100,"sd","09:16:46",161200
31700,0,500,"bu","09:16:48",161700
31700,0,1800,"bu","09:16:54",163500
31650,-50,200,"sd","09:16:59",163700
31700,0,5000,"bu","09:17:01",168700
31700,0,500,"bu","09:17:08",169200
31700,0,1000,"bu","09:17:14",170200
31700,0,500,"sd","09:17:17",170700
31700,0,600,"sd","09:17:23",171300
31700,0,8900,"sd","09:17:27",180200
31700,0,5000,"sd","09:17:31",185200
31700,0,2800,"bu","09:17:32",188000
31700,0,200,"bu","09:17:33",188200
31700,0,1200,"bu","09:17:34",189400
31700,0,300,"bu","09:17:35",189700
31700,0,3600,"sd","09:17:35",193300
31700,0,600,"sd","09:17:37",193900
31750,50,400,"sd","09:17:56",194300
31750,50,700,"bu","09:18:00",195000
31750,50,2000,"sd","09:18:43",197000
31750,50,600,"bu","09:18:45",197600
31800,100,2400,"sd","09:18:46",200000
31800,100,100,"sd","09:18:47",200100
31800,100,9000,"sd","09:18:55",209100
31800,100,6400,"bu","09:18:55",215500
31800,100,100,"sd","09:19:01",215600
31800,100,3000,"bu","09:19:13",218600
31750,50,1500,"bu","09:19:18",220100
31750,50,600,"bu","09:19:40",220700
31800,100,800,"bu","09:19:55",221500
31800,100,3300,"bu","09:20:10",224800
31800,100,700,"sd","09:20:15",235500
31800,100,1900,"sd","09:20:16",237400
31800,100,3100,"sd","09:20:18",240500
31850,150,5000,"bu","09:20:33",245500
31750,50,6900,"sd","09:20:39",252400
31850,150,24800,"sd","09:20:47",277200
31850,150,500,"sd","09:20:49",277700
31750,50,600,"bu","09:21:03",278300
31850,150,4200,"bu","09:21:15",282500
31850,150,500,"sd","09:21:25",283000
31900,200,10000,"bu","09:21:25",293000
31850,150,300,"bu","09:21:26",293300
31850,150,13600,"bu","09:21:32",306900
31850,150,1000,"bu","09:21:36",308900
31850,150,3000,"sd","09:21:37",311900
31850,150,1700,"sd","09:21:38",313600
31900,200,13700,"bu","09:21:40",327300
31950,250,7300,"sd","09:21:41",334600
31950,250,3000,"sd","09:21:41",337600
31900,200,100,"bu","09:21:42",337700
32000,300,20000,"bu","09:21:43",357700
32000,300,700,"bu","09:21:45",358400
32000,300,2000,"sd","09:21:46",360400
32000,300,100,"sd","09:21:47",383100
32000,300,2900,"sd","09:21:47",376700
32100,400,19400,"sd","09:21:48",396100
32100,400,500,"sd","09:21:49",396700
32100,400,2900,"bu","09:21:49",399600
32100,400,1500,"bu","09:21:49",401100
32100,400,9600,"sd","09:21:52",410700
32200.000000000004,500,10000,"bu","09:21:54",420700
32200.000000000004,500,20400,"sd","09:21:59",441100
32200.000000000004,500,100,"bu","09:22:00",456100
32200.000000000004,500,2200,"sd","09:22:00",446100
32200.000000000004,500,12000,"bu","09:22:01",458100
32150,450,500,"sd","09:22:02",458600
32150,450,1000,"sd","09:22:03",459600
32200.000000000004,500,5000,"sd","09:22:04",464600
32200.000000000004,500,5000,"sd","09:22:04",469600
32200.000000000004,500,600,"sd","09:22:08",470200
32200.000000000004,500,3000,"bu","09:22:09",473200
32200.000000000004,500,2100,"sd","09:22:10",475300
32250,550,1100,"bu","09:22:15",476400
32250,550,1000,"sd","09:22:16",477400
32250,550,1300,"sd","09:22:18",478700
32250,550,8700,"sd","09:22:19",487400
32299.999999999996,600,900,"bu","09:22:21",492400
32299.999999999996,600,1500,"sd","09:22:24",493900
32250,550,2500,"bu","09:22:26",496400
32299.999999999996,600,10000,"sd","09:22:27",506400
32299.999999999996,600,2000,"sd","09:22:28",508400
32299.999999999996,600,6000,"sd","09:22:28",514400
32299.999999999996,600,1000,"bu","09:22:30",515400
32299.999999999996,600,9100,"bu","09:22:32",524500
32250,550,600,"sd","09:22:32",525100
32299.999999999996,600,400,"bu","09:22:35",527600
32299.999999999996,600,8700,"bu","09:22:37",557600
32299.999999999996,600,16000,"sd","09:22:38",573600
32299.999999999996,600,500,"sd","09:22:40",574600
32299.999999999996,600,8800,"sd","09:22:42",583400
32299.999999999996,600,200,"sd","09:22:43",583600
32299.999999999996,600,300,"bu","09:22:47",583900
32299.999999999996,600,300,"bu","09:22:48",584200
32299.999999999996,600,100,"bu","09:22:48",584300
32299.999999999996,600,200,"sd","09:22:49",584500
32299.999999999996,600,6000,"bu","09:22:50",590500
32299.999999999996,600,500,"sd","09:22:51",591000
32350,650,9000,"bu","09:22:52",600000
32299.999999999996,600,3500,"sd","09:22:53",603500
32350,650,100,"bu","09:22:54",614800
32350,650,700,"sd","09:22:56",615500
32350,650,700,"bu","09:22:56",616200
32350,650,5300,"sd","09:22:58",621500
32400,700,6400,"sd","09:23:01",631500
32350,650,14600,"bu","09:23:03",646100
32350,650,1000,"bu","09:23:05",647100
32299.999999999996,600,3000,"sd","09:23:08",650100
32350,650,7000,"sd","09:23:09",657100
32350,650,1000,"bu","09:23:10",658100
32350,650,5900,"bu","09:23:11",664000
32350,650,2600,"bu","09:23:12",666600
32350,650,3500,"sd","09:23:13",670100
32350,650,100,"bu","09:23:14",670400
32350,650,1100,"sd","09:23:14",671500
32299.999999999996,600,41800,"bu","09:23:16",713300
32350,650,100,"bu","09:23:21",713400
32350,650,5500,"sd","09:23:21",718900
32350,650,100,"sd","09:23:22",721900
32299.999999999996,600,1400,"sd","09:23:29",723300
32299.999999999996,600,100,"sd","09:23:35",723400
32299.999999999996,600,11200,"bu","09:23:41",734600
32299.999999999996,600,2400,"sd","09:23:41",733500
32299.999999999996,600,2600,"bu","09:23:42",736100
32299.999999999996,600,500,"sd","09:23:42",736600
32299.999999999996,600,9000,"bu","09:23:51",745600
32299.999999999996,600,600,"bu","09:23:53",746200
32299.999999999996,600,14600,"sd","09:23:55",761200
32299.999999999996,600,5000,"sd","09:23:56",766200
32299.999999999996,600,2400,"sd","09:23:58",768600
32299.999999999996,600,100,"sd","09:23:59",768700
32299.999999999996,600,200,"sd","09:24:02",768900
32299.999999999996,600,1000,"bu","09:24:03",769900
32299.999999999996,600,500,"bu","09:24:04",770400
32250,550,2000,"bu","09:24:12",772400
32299.999999999996,600,1000,"sd","09:24:14",773400
32250,550,1000,"sd","09:24:25",774400
32250,550,800,"sd","09:24:26",775200
32250,550,100,"sd","09:24:27",775300
32299.999999999996,600,500,"bu","09:24:29",775800
32250,550,2700,"bu","09:24:32",778500
32250,550,800,"sd","09:24:35",779500
32250,550,300,"sd","09:24:41",779800
32250,550,1000,"sd","09:24:43",780800
32250,550,5000,"sd","09:24:44",785800
32250,550,5100,"bu","09:24:48",790900
32250,550,3000,"sd","09:24:49",802400
32250,550,10100,"bu","09:24:53",812500
32250,550,1900,"sd","09:24:54",814400
32250,550,300,"bu","09:24:56",814700
32200.000000000004,500,5000,"bu","09:24:56",819700
32200.000000000004,500,10000,"sd","09:25:09",829700
32200.000000000004,500,2100,"bu","09:25:12",831800
32200.000000000004,500,1700,"bu","09:25:13",833500
32200.000000000004,500,1000,"sd","09:25:15",834500
32250,550,1000,"bu","09:25:17",835500
32200.000000000004,500,1000,"sd","09:25:19",836500
32200.000000000004,500,300,"bu","09:25:20",836800
32200.000000000004,500,2000,"bu","09:25:21",838800
32200.000000000004,500,5300,"sd","09:25:23",844100
32200.000000000004,500,1000,"bu","09:25:24",845100
32200.000000000004,500,500,"sd","09:25:25",845600
32150,450,1000,"bu","09:25:39",846600
32150,450,100,"sd","09:25:47",846700
32150,450,5000,"sd","09:25:48",851700
32200.000000000004,500,2000,"bu","09:25:51",853700
32150,450,300,"bu","09:25:52",854000
32150,450,200,"sd","09:25:53",854200
32150,450,100,"sd","09:25:57",854300
32100,400,1000,"sd","09:26:04",855300
32100,400,100,"sd","09:26:06",855400
32150,450,300,"bu","09:26:06",855700
32100,400,3300,"bu","09:26:17",859000
32100,400,1000,"bu","09:26:20",860000
32150,450,500,"bu","09:26:23",860500
32100,400,1000,"sd","09:26:37",861500
32100,400,10000,"bu","09:26:37",871500
32100,400,600,"sd","09:26:38",872100
32150,450,900,"sd","09:26:43",873000
32100,400,200,"sd","09:26:49",873500
32100,400,2500,"sd","09:26:58",876000
32150,450,10000,"sd","09:26:59",886000
32100,400,500,"bu","09:27:00",886500
32100,400,1000,"sd","09:27:08",887500
32100,400,10500,"bu","09:27:11",898000
32150,450,100,"bu","09:27:24",899100
32150,450,300,"sd","09:27:36",899400
32150,450,1200,"bu","09:27:41",900600
32150,450,500,"bu","09:27:57",901100
32150,450,600,"sd","09:28:04",901700
32150,450,200,"bu","09:28:09",901900
32150,450,2500,"sd","09:28:14",904400
32150,450,100,"sd","09:28:15",904500
32150,450,6000,"sd","09:28:19",910500
32150,450,2000,"sd","09:28:23",912500
32100,400,5200,"sd","09:28:37",917700
32150,450,400,"bu","09:28:39",918100
32150,450,100,"sd","09:28:53",918200
32100,400,300,"bu","09:28:57",918500
32150,450,100,"sd","09:29:01",918600
32100,400,6000,"bu","09:29:10",924600
32150,450,500,"bu","09:29:11",925100
32150,450,100,"sd","09:29:24",925200
32150,450,200,"sd","09:29:28",925400
32100,400,2000,"bu","09:29:31",927400
32100,400,500,"sd","09:29:38",927900
32150,450,2000,"sd","09:29:44",929900
32100,400,100,"bu","09:29:53",930000
32150,450,1000,"sd","09:29:58",931000
32150,450,2000,"bu","09:29:59",933000
32100,400,300,"bu","09:30:00",933300
32100,400,600,"bu","09:30:01",933900
32100,400,1000,"bu","09:30:04",934900
32150,450,4800,"sd","09:30:05",939700
32150,450,12000,"sd","09:30:06",951700
32100,400,10100,"bu","09:30:09",961800
32100,400,2000,"sd","09:30:12",967300
32100,400,100,"sd","09:30:14",967400
32150,450,2800,"sd","09:30:23",970200
32150,450,1000,"bu","09:30:29",979800
32200.000000000004,500,1200,"sd","09:30:41",981000
32150,450,2000,"sd","09:30:45",983000
32150,450,200,"sd","09:30:53",983200
32150,450,1500,"bu","09:31:00",984700
32150,450,500,"bu","09:31:01",985200
32150,450,3000,"sd","09:31:04",988200
32200.000000000004,500,10000,"sd","09:31:05",998200
32150,450,1000,"sd","09:31:09",999200
32150,450,600,"bu","09:31:09",999800
32150,450,3600,"sd","09:31:27",1003400
32150,450,5000,"bu","09:31:30",1008400
32200.000000000004,500,300,"bu","09:31:35",1008700
32150,450,26000,"sd","09:31:51",1034700
32150,450,500,"sd","09:31:54",1035200
32100,400,5000,"sd","09:31:58",1040200
32150,450,1700,"sd","09:32:02",1041900
32150,450,8500,"sd","09:32:11",1050400
32150,450,10000,"bu","09:32:14",1060400
32150,450,600,"sd","09:32:16",1061000
32150,450,500,"bu","09:32:28",1061500
32150,450,1700,"sd","09:32:35",1063200
32150,450,2000,"sd","09:32:51",1065200
32150,450,700,"sd","09:32:54",1065900
32150,450,20000,"bu","09:33:06",1085900
32150,450,400,"sd","09:33:10",1086300
32150,450,200,"sd","09:33:13",1086500
32150,450,10200,"bu","09:33:17",1096700
32150,450,300,"sd","09:33:19",1097000
32150,450,1900,"sd","09:33:19",1098900
32150,450,3000,"bu","09:33:21",1101900
32150,450,300,"sd","09:33:22",1102200
32150,450,600,"sd","09:33:24",1102800
32150,450,1000,"sd","09:33:26",1103800
32150,450,4500,"sd","09:33:27",1108300
32150,450,1000,"sd","09:33:28",1109300
32150,450,4400,"sd","09:33:29",1113700
32150,450,200,"sd","09:33:39",1113900
32150,450,2400,"sd","09:33:49",1116300
32150,450,1200,"bu","09:33:50",1117500
32150,450,500,"sd","09:33:55",1118000
32150,450,5000,"sd","09:33:57",1123000
32150,450,1200,"bu","09:33:58",1124200
32150,450,8400,"sd","09:34:03",1132600
32150,450,100,"bu","09:34:06",1141200
32150,450,400,"bu","09:34:07",1141600
32150,450,200,"bu","09:34:08",1141800
32150,450,6300,"bu","09:34:14",1148100
32150,450,100,"sd","09:34:15",1148200
32150,450,3100,"bu","09:34:21",1151300
32150,450,200,"sd","09:34:21",1151500
32150,450,700,"sd","09:34:21",1152200
32150,450,400,"bu","09:34:46",1152600
32150,450,1000,"sd","09:34:47",1153600
32100,400,200,"bu","09:34:52",1153800
32150,450,500,"bu","09:34:54",1154300
32100,400,7500,"sd","09:35:02",1161800
32150,450,4000,"sd","09:35:07",1165800
32100,400,1500,"sd","09:35:08",1167300
32100,400,5000,"sd","09:35:10",1172300
32150,450,800,"bu","09:35:17",1173100
32100,400,900,"sd","09:35:19",1174000
32150,450,100,"bu","09:35:25",1174100
32100,400,1300,"sd","09:35:39",1175400
32100,400,600,"sd","09:35:39",1176000
32100,400,24000,"bu","09:35:44",1200000
32100,400,800,"sd","09:35:47",1200800
32150,450,400,"bu","09:35:54",1201200
32150,450,100,"bu","09:36:09",1201300
32100,400,800,"sd","09:36:10",1202100
32150,450,2000,"bu","09:36:22",1204100
32100,400,2600,"bu","09:36:47",1206700
32100,400,3000,"bu","09:36:51",1209700
32100,400,100,"sd","09:36:55",1209800
32100,400,600,"sd","09:37:02",1210400
32100,400,60000,"bu","09:37:05",1270400
32100,400,1000,"bu","09:37:10",1271400
32100,400,2000,"sd","09:37:14",1273400
32100,400,2200,"bu","09:37:17",1275600
32100,400,500,"bu","09:37:20",1276100
32100,400,300,"sd","09:37:22",1276400
32100,400,2000,"sd","09:37:25",1278400
32100,400,4600,"sd","09:37:37",1283000
32100,400,400,"bu","09:37:40",1283400
32049.999999999996,350,1700,"bu","09:37:41",1285100
32100,400,100,"sd","09:37:46",1285500
32100,400,200,"bu","09:37:47",1285700
32049.999999999996,350,500,"bu","09:37:48",1286200
32049.999999999996,350,600,"sd","09:37:54",1286800
32049.999999999996,350,200,"bu","09:37:59",1287000
32049.999999999996,350,10200,"sd","09:38:38",1297200
32100,400,5000,"sd","09:38:40",1302200
32049.999999999996,350,2000,"bu","09:38:41",1304200
32049.999999999996,350,5000,"bu","09:38:43",1309200
32049.999999999996,350,3400,"sd","09:38:56",1312600
32049.999999999996,350,600,"sd","09:39:02",1313200
32049.999999999996,350,2000,"bu","09:39:13",1315200
32049.999999999996,350,1000,"sd","09:39:14",1316200
32049.999999999996,350,100,"sd","09:39:31",1316300
32049.999999999996,350,1500,"bu","09:39:43",1317800
32100,400,1000,"sd","09:39:57",1318800
32049.999999999996,350,2200,"bu","09:40:03",1321000
32049.999999999996,350,700,"bu","09:40:09",1321700
32049.999999999996,350,100,"bu","09:40:32",1321800
32100,400,5000,"sd","09:40:38",1326800
32100,400,500,"sd","09:40:41",1327300
32100,400,100,"bu","09:40:57",1327400
32100,400,5000,"bu","09:40:58",1332400
32100,400,6000,"sd","09:41:02",1338400
32100,400,4000,"sd","09:41:06",1342400
32100,400,1000,"sd","09:41:07",1343400
32100,400,500,"bu","09:41:24",1343900
32100,400,100,"sd","09:41:26",1344000
32100,400,6000,"sd","09:41:28",1350000
32100,400,200,"bu","09:41:34",1350200
32100,400,4000,"sd","09:41:44",1354200
32100,400,2000,"sd","09:41:56",1356200
32100,400,1000,"sd","09:41:59",1357200
32100,400,1500,"sd","09:42:00",1358700
32049.999999999996,350,9000,"bu","09:42:15",1367700
32100,400,2000,"sd","09:42:18",1370000
32100,400,1200,"bu","09:42:37",1371200
32100,400,1000,"sd","09:42:47",1372200
32100,400,2500,"sd","09:42:48",1374700
32100,400,900,"bu","09:42:55",1375600
32049.999999999996,350,500,"sd","09:42:57",1376100
32100,400,10000,"bu","09:43:00",1386100
32100,400,100,"bu","09:43:04",1386200
32100,400,2800,"sd","09:43:16",1389000
32100,400,1000,"bu","09:43:41",1390000
32100,400,300,"bu","09:43:47",1390300
32049.999999999996,350,500,"bu","09:43:49",1390800
32100,400,20000,"bu","09:43:53",1410800
32100,400,1000,"bu","09:43:57",1411800
32049.999999999996,350,2000,"sd","09:44:01",1413800
32100,400,1000,"bu","09:44:07",1414800
32100,400,20100,"bu","09:44:12",1434900
32100,400,200,"sd","09:44:13",1435100
32100,400,800,"sd","09:44:16",1435900
32100,400,1000,"bu","09:44:23",1436900
32100,400,800,"sd","09:44:25",1437700
32100,400,5100,"bu","09:44:33",1442800
32100,400,2000,"sd","09:44:55",1444800
32100,400,500,"bu","09:45:26",1445300
32100,400,100,"bu","09:45:27",1445400
32100,400,1000,"bu","09:46:08",1446400
32100,400,2300,"bu","09:46:10",1448700
32100,400,100,"bu","09:46:17",1448800
32100,400,1500,"sd","09:46:22",1450300
32100,400,100,"sd","09:46:30",1450400
32049.999999999996,350,2000,"bu","09:46:35",1452400
32049.999999999996,350,12000,"sd","09:46:46",1464400
32049.999999999996,350,600,"sd","09:46:55",1465000
32049.999999999996,350,5000,"bu","09:47:09",1470000
32049.999999999996,350,200,"bu","09:47:10",1470200
32049.999999999996,350,100,"sd","09:47:28",1470300
32049.999999999996,350,15000,"bu","09:47:35",1485300
32049.999999999996,350,1500,"bu","09:47:40",1486800
32049.999999999996,350,8000,"sd","09:47:43",1494800
32049.999999999996,350,20200,"sd","09:47:44",1515000
32049.999999999996,350,9800,"sd","09:47:44",1524800
32049.999999999996,350,2000,"bu","09:47:47",1526800
32049.999999999996,350,1000,"bu","09:47:48",1527800
32049.999999999996,350,100,"bu","09:47:55",1527900
32049.999999999996,350,3000,"bu","09:47:57",1530900
32049.999999999996,350,600,"bu","09:48:03",1531500
32049.999999999996,350,500,"bu","09:48:07",1532000
32049.999999999996,350,20000,"sd","09:48:12",1552000
32049.999999999996,350,34100,"sd","09:48:17",1586100
32049.999999999996,350,4000,"sd","09:48:22",1590100
32049.999999999996,350,100,"sd","09:48:23",1590200
32049.999999999996,350,600,"sd","09:48:29",1590800
32049.999999999996,350,5000,"sd","09:48:35",1595800
32049.999999999996,350,6100,"bu","09:48:37",1601900
32049.999999999996,350,100,"sd","09:48:57",1602900
32049.999999999996,350,3300,"sd","09:48:58",1606200
32049.999999999996,350,200,"bu","09:49:00",1606400
32049.999999999996,350,4900,"sd","09:49:10",1611300
32049.999999999996,350,1000,"sd","09:49:11",1612300
32049.999999999996,350,2600,"bu","09:49:18",1614900
32000,300,1000,"bu","09:49:20",1615900
32049.999999999996,350,200,"sd","09:49:33",1616100
32049.999999999996,350,500,"sd","09:49:36",1616600
32049.999999999996,350,200,"sd","09:49:41",1616800
32000,300,500,"sd","09:49:46",1617300
32049.999999999996,350,100,"sd","09:49:49",1617400
32049.999999999996,350,1000,"bu","09:49:55",1618400
32049.999999999996,350,10000,"bu","09:50:04",1628400
32049.999999999996,350,1500,"bu","09:50:07",1629900
32049.999999999996,350,6300,"bu","09:50:13",1636200
32049.999999999996,350,100,"sd","09:50:16",1636300
32000,300,2500,"sd","09:50:51",1638800
32049.999999999996,350,2000,"sd","09:51:03",1640800
32049.999999999996,350,200,"sd","09:51:11",1641000
32000,300,500,"bu","09:51:19",1641500
32049.999999999996,350,3000,"bu","09:51:23",1644500
32000,300,10600,"sd","09:51:26",1655100
32049.999999999996,350,1000,"sd","09:51:39",1656100
32049.999999999996,350,100,"bu","09:51:49",1656200
32000,300,7100,"sd","09:52:11",1663300
32000,300,1500,"sd","09:52:13",1664800
32000,300,2400,"sd","09:52:16",1667200
32049.999999999996,350,20000,"sd","09:52:18",1687200
32049.999999999996,350,1000,"sd","09:52:47",1688200
32049.999999999996,350,100,"sd","09:52:50",1688300
32049.999999999996,350,500,"sd","09:52:56",1688800
32049.999999999996,350,2000,"bu","09:53:01",1690800
32049.999999999996,350,1000,"sd","09:53:08",1691800
32049.999999999996,350,100,"bu","09:53:10",1691900
32000,300,300,"sd","09:53:23",1692200
32049.999999999996,350,4400,"bu","09:53:24",1696600
32049.999999999996,350,2000,"bu","09:53:28",1698600
32049.999999999996,350,200,"bu","09:53:33",1698800
32049.999999999996,350,20200,"sd","09:53:42",1719000
32049.999999999996,350,2500,"sd","09:53:43",1721500
32049.999999999996,350,1000,"bu","09:53:45",1722500
32049.999999999996,350,1000,"bu","09:53:51",1723500
32049.999999999996,350,2600,"bu","09:54:16",1726100
32049.999999999996,350,500,"bu","09:54:17",1726600
32049.999999999996,350,100,"sd","09:54:20",1726700
32049.999999999996,350,300,"bu","09:54:22",1727000
32049.999999999996,350,200,"sd","09:54:22",1727200
32049.999999999996,350,2500,"bu","09:54:32",1729700
32049.999999999996,350,200,"sd","09:54:33",1729900
32049.999999999996,350,3000,"sd","09:54:38",1732900
32049.999999999996,350,200,"sd","09:54:40",1733100
32049.999999999996,350,4100,"sd","09:54:44",1737200
32049.999999999996,350,600,"bu","09:54:48",1737800
32049.999999999996,350,300,"sd","09:54:49",1738100
32100,400,200,"sd","09:55:41",1738300
32100,400,300,"sd","09:55:48",1738600
32100,400,200,"sd","09:55:53",1738800
32049.999999999996,350,500,"sd","09:56:07",1739300
32049.999999999996,350,2000,"sd","09:56:35",1741300
32049.999999999996,350,200,"bu","09:56:50",1741500
32049.999999999996,350,1000,"sd","09:56:51",1742500
32049.999999999996,350,600,"sd","09:57:05",1743100
32049.999999999996,350,16500,"sd","09:57:26",1759600
32049.999999999996,350,500,"bu","09:57:36",1760100
32049.999999999996,350,2000,"bu","09:57:50",1762100
32049.999999999996,350,200,"sd","09:57:52",1762300
32049.999999999996,350,4900,"sd","09:57:53",1767200
32049.999999999996,350,3600,"sd","09:57:54",1770800
32049.999999999996,350,1000,"bu","09:57:55",1771800
32049.999999999996,350,500,"sd","09:58:18",1772300
32049.999999999996,350,8500,"sd","09:58:21",1780800
32049.999999999996,350,4000,"sd","09:58:29",1784800
32049.999999999996,350,600,"bu","09:58:29",1785400
32049.999999999996,350,200,"bu","09:58:35",1785600
32049.999999999996,350,900,"sd","09:58:43",1786500
32049.999999999996,350,100,"bu","09:58:44",1786600
32049.999999999996,350,300,"bu","09:58:48",1786900
32049.999999999996,350,1000,"bu","09:58:52",1787900
32049.999999999996,350,900,"bu","09:58:53",1788800
32049.999999999996,350,100,"sd","09:58:54",1788900
32049.999999999996,350,1400,"sd","09:59:19",1790300
32049.999999999996,350,1000,"bu","09:59:23",1791300
32049.999999999996,350,2000,"sd","09:59:39",1793300
32049.999999999996,350,500,"sd","09:59:40",1793800
32049.999999999996,350,200,"bu","09:59:41",1794000
32049.999999999996,350,400,"sd","09:59:43",1794400
32049.999999999996,350,200,"bu","09:59:45",1794600
32049.999999999996,350,500,"bu","09:59:57",1795100
32049.999999999996,350,5000,"sd","10:00:13",1800100
32049.999999999996,350,600,"sd","10:00:28",1800700
32049.999999999996,350,500,"sd","10:00:31",1801200
32049.999999999996,350,2400,"bu","10:00:50",1803600
32100,400,10000,"sd","10:00:54",1813600
32049.999999999996,350,500,"bu","10:01:05",1814100
32100,400,101000,"bu","10:01:34",1915100
32100,400,8000,"sd","10:01:37",1923100
32100,400,46000,"sd","10:01:42",1969100
32100,400,500,"bu","10:01:47",1969600
32100,400,3800,"bu","10:01:54",1973400
32100,400,600,"sd","10:02:01",1974000
32100,400,30000,"sd","10:02:06",2004000
32100,400,2000,"sd","10:02:13",2006000
32049.999999999996,350,100,"sd","10:02:14",2006100
32100,400,6000,"sd","10:02:17",2012100
32100,400,2000,"sd","10:02:20",2014100
32100,400,1000,"bu","10:02:28",2015100
32100,400,3000,"bu","10:02:34",2018100
32100,400,18800,"bu","10:02:37",2036900
32100,400,600,"sd","10:02:43",2037500
32100,400,800,"sd","10:02:45",2038300
32100,400,700,"sd","10:02:47",2039000
32100,400,2000,"bu","10:02:50",2041000
32100,400,300,"bu","10:02:52",2041300
32100,400,700,"bu","10:02:53",2042000
32100,400,100,"sd","10:02:55",2042100
32100,400,1000,"sd","10:03:10",2043100
32150,450,2100,"bu","10:03:37",2045200
32150,450,1300,"bu","10:03:52",2046500
32100,400,6900,"bu","10:04:12",2053400
32100,400,100,"sd","10:04:40",2053500
32100,400,4000,"sd","10:04:53",2057500
32100,400,700,"bu","10:04:57",2058200
32100,400,500,"bu","10:05:17",2058700
32150,450,6000,"bu","10:05:49",2064700
32150,450,1600,"sd","10:05:59",2066300
32100,400,800,"bu","10:06:31",2067100
32150,450,500,"sd","10:06:47",2067600
32100,400,700,"sd","10:06:55",2068300
32100,400,600,"bu","10:07:13",2068900
32100,400,600,"sd","10:07:28",2069500
32100,400,1500,"bu","10:07:45",2071000
32100,400,1000,"sd","10:07:53",2072000
32100,400,1100,"sd","10:08:07",2073100
32100,400,600,"sd","10:08:21",2073700
32100,400,59900,"sd","10:08:26",2133600
32100,400,2000,"bu","10:08:28",2135600
32100,400,1400,"sd","10:08:36",2137000
32100,400,3000,"sd","10:08:38",2140000
32049.999999999996,350,700,"bu","10:08:39",2140700
32100,400,1700,"bu","10:08:42",2142400
32100,400,700,"bu","10:08:49",2143100
32049.999999999996,350,19300,"sd","10:09:03",2162400
32049.999999999996,350,700,"bu","10:09:10",2163100
32049.999999999996,350,600,"sd","10:09:28",2163700
32049.999999999996,350,600,"bu","10:09:42",2164300
32049.999999999996,350,800,"sd","10:10:21",2165100
32049.999999999996,350,600,"sd","10:10:37",2165700
32049.999999999996,350,700,"sd","10:10:57",2166400
32100,400,300,"sd","10:10:59",2166700
32100,400,2000,"bu","10:11:20",2168700
32049.999999999996,350,700,"sd","10:11:33",2169400
32049.999999999996,350,600,"bu","10:11:44",2170000
32100,400,2000,"sd","10:11:52",2172000
32049.999999999996,350,700,"sd","10:12:05",2172700
32049.999999999996,350,1000,"bu","10:12:17",2173700
32049.999999999996,350,700,"bu","10:12:38",2174400
32049.999999999996,350,600,"bu","10:12:51",2175000
32100,400,3200,"bu","10:13:33",2178200
32049.999999999996,350,700,"bu","10:13:43",2178900
32049.999999999996,350,600,"bu","10:13:59",2179500
32049.999999999996,350,100,"bu","10:14:10",2179600
32100,400,1000,"sd","10:14:11",2180600
32100,400,10000,"bu","10:14:12",2190600
32100,400,1200,"bu","10:14:18",2191800
32049.999999999996,350,700,"bu","10:14:22",2192500
32100,400,5000,"sd","10:14:29",2197500
32100,400,7400,"sd","10:14:35",2204900
32100,400,30000,"sd","10:14:37",2234900
32049.999999999996,350,10000,"bu","10:14:50",2244900
32049.999999999996,350,700,"sd","10:14:56",2245600
32049.999999999996,350,600,"sd","10:15:06",2246200
32049.999999999996,350,2000,"sd","10:15:28",2248200
32049.999999999996,350,700,"bu","10:15:30",2248900
32049.999999999996,350,2000,"sd","10:15:49",2250900
32049.999999999996,350,700,"bu","10:16:02",2251600
32049.999999999996,350,600,"sd","10:16:13",2252200
32049.999999999996,350,100,"sd","10:16:35",2252300
32049.999999999996,350,700,"bu","10:16:39",2253000
32049.999999999996,350,700,"bu","10:17:12",2253700
32049.999999999996,350,100,"bu","10:17:20",2253800
32049.999999999996,350,600,"sd","10:17:22",2254400
32100,400,5000,"sd","10:17:23",2259400
32049.999999999996,350,5000,"sd","10:17:34",2264400
32049.999999999996,350,100,"sd","10:17:40",2264500
32049.999999999996,350,600,"bu","10:17:42",2265100
32049.999999999996,350,100,"sd","10:17:56",2265200
32049.999999999996,350,700,"sd","10:18:21",2265900
32049.999999999996,350,600,"sd","10:18:29",2266500
32049.999999999996,350,700,"bu","10:18:54",2267200
32049.999999999996,350,100,"sd","10:19:08",2267300
32049.999999999996,350,900,"sd","10:19:28",2268200
32049.999999999996,350,700,"bu","10:19:51",2268900
32049.999999999996,350,600,"sd","10:20:00",2269500
32049.999999999996,350,200,"sd","10:20:04",2269700
32049.999999999996,350,10000,"sd","10:20:12",2279700
32100,400,10900,"sd","10:20:13",2290600
32049.999999999996,350,1500,"sd","10:20:19",2292100
32049.999999999996,350,700,"bu","10:20:32",2292800
32049.999999999996,350,600,"sd","10:20:45",2293400
32049.999999999996,350,3100,"sd","10:20:48",2296500
32049.999999999996,350,200,"bu","10:20:59",2296700
32049.999999999996,350,700,"bu","10:21:10",2297400
32049.999999999996,350,200,"sd","10:21:24",2297600
32049.999999999996,350,100,"sd","10:21:25",2297700
32049.999999999996,350,700,"bu","10:21:35",2298400
32049.999999999996,350,1300,"sd","10:21:52",2299700
32049.999999999996,350,1300,"bu","10:22:19",2301000
32100,400,200,"sd","10:22:29",2301200
32049.999999999996,350,500,"sd","10:22:31",2301700
32049.999999999996,350,700,"sd","10:22:53",2302400
32049.999999999996,350,800,"bu","10:22:59",2303200
32100,400,5500,"bu","10:23:31",2317700
32049.999999999996,350,900,"sd","10:23:34",2318600
32049.999999999996,350,10300,"bu","10:23:44",2328900
32049.999999999996,350,600,"bu","10:24:07",2329500
32049.999999999996,350,700,"sd","10:24:10",2330200
32049.999999999996,350,500,"sd","10:24:43",2330700
32049.999999999996,350,700,"sd","10:24:45",2331400
32049.999999999996,350,300,"sd","10:24:49",2331700
32049.999999999996,350,8000,"bu","10:25:03",2339700
32049.999999999996,350,1000,"sd","10:25:11",2340700
32049.999999999996,350,600,"bu","10:25:15",2341300
32049.999999999996,350,700,"bu","10:25:19",2342000
32049.999999999996,350,20000,"bu","10:25:40",2362000
32049.999999999996,350,600,"sd","10:25:52",2362600
32049.999999999996,350,5000,"bu","10:25:54",2367600
32049.999999999996,350,100,"bu","10:25:59",2367700
32049.999999999996,350,1500,"bu","10:26:00",2369200
32049.999999999996,350,6800,"bu","10:26:05",2376000
32049.999999999996,350,1000,"sd","10:26:06",2377000
32049.999999999996,350,5600,"sd","10:26:23",2382600
32000,300,1100,"sd","10:26:25",2383700
32000,300,900,"sd","10:27:03",2384600
32000,300,1100,"bu","10:27:30",2385700
32049.999999999996,350,1000,"bu","10:27:54",2386700
32049.999999999996,350,1200,"sd","10:28:14",2387900
32000,300,700,"sd","10:28:21",2388600
32049.999999999996,350,1000,"sd","10:28:25",2389600
32049.999999999996,350,1000,"bu","10:28:28",2390600
32049.999999999996,350,300,"sd","10:28:46",2390900
32000,300,700,"bu","10:28:53",2391600
32000,300,300,"sd","10:29:12",2391900
32049.999999999996,350,500,"bu","10:29:14",2392400
32000,300,800,"bu","10:29:32",2393200
32000,300,700,"sd","10:29:45",2393900
32049.999999999996,350,400,"sd","10:30:01",2394300
32000,300,9200,"sd","10:30:02",2403500
32000,300,600,"bu","10:30:05",2404100
32049.999999999996,350,8400,"sd","10:30:28",2412500
32049.999999999996,350,500,"bu","10:30:32",2413000
32049.999999999996,350,800,"sd","10:30:45",2413800
32049.999999999996,350,1800,"sd","10:30:51",2415600
32049.999999999996,350,200,"bu","10:30:52",2415800
32049.999999999996,350,100,"sd","10:30:53",2415900
32049.999999999996,350,500,"bu","10:31:07",2416400
32049.999999999996,350,100,"sd","10:31:09",2416500
32049.999999999996,350,200,"bu","10:31:13",2416700
32049.999999999996,350,1700,"bu","10:31:18",2418400
32049.999999999996,350,1000,"bu","10:31:25",2419400
32049.999999999996,350,1000,"bu","10:31:39",2420400
32049.999999999996,350,5000,"bu","10:31:40",2425400
32049.999999999996,350,100,"sd","10:31:42",2425500
32049.999999999996,350,2000,"bu","10:31:44",2427500
32049.999999999996,350,500,"sd","10:31:49",2428000
32049.999999999996,350,700,"bu","10:31:54",2428700
32049.999999999996,350,600,"bu","10:32:01",2429300
32049.999999999996,350,6500,"bu","10:32:03",2435800
32049.999999999996,350,20000,"sd","10:32:14",2455800
32049.999999999996,350,700,"bu","10:32:18",2456500
32049.999999999996,350,2000,"bu","10:32:20",2458500
32049.999999999996,350,3000,"sd","10:32:27",2461500
32049.999999999996,350,700,"sd","10:32:29",2462200
32049.999999999996,350,8000,"bu","10:32:35",2470200
32000,300,700,"sd","10:33:04",2470900
32000,300,600,"sd","10:33:08",2471500
32000,300,180000,"sd","10:33:33",2651500
32000,300,700,"bu","10:33:40",2652200
32000,300,500,"sd","10:34:08",2652700
32000,300,1000,"sd","10:34:12",2653700
32000,300,500,"bu","10:34:15",2654200
32000,300,8700,"sd","10:34:16",2662900
32000,300,2000,"sd","10:34:21",2664900
32000,300,400,"sd","10:34:22",2665300
32000,300,1000,"bu","10:34:22",2666300
32000,300,30900,"sd","10:34:27",2697200
32000,300,500,"bu","10:34:39",2697700
31950,250,600,"bu","10:34:45",2698300
31950,250,5000,"sd","10:35:11",2703300
31950,250,700,"sd","10:35:18",2704000
31950,250,600,"sd","10:35:25",2704600
31950,250,3000,"sd","10:35:27",2707600
31950,250,3000,"bu","10:35:31",2710600
31950,250,300,"bu","10:35:45",2710900
32000,300,20700,"sd","10:35:50",2731600
31950,250,14000,"sd","10:36:14",2745600
32000,300,1000,"bu","10:36:19",2746600
31950,250,1000,"bu","10:36:22",2747600
31950,250,600,"sd","10:36:23",2748200
32000,300,8000,"sd","10:36:29",2756200
32000,300,3300,"sd","10:36:31",2759500
32000,300,11200,"bu","10:36:32",2770700
32000,300,9500,"sd","10:36:34",2780200
32000,300,9400,"bu","10:36:34",2789600
32000,300,2600,"bu","10:36:35",2792200
32000,300,600,"sd","10:36:36",2792800
32000,300,100,"sd","10:36:40",2792900
32000,300,8800,"bu","10:36:50",2801700
32000,300,800,"sd","10:36:54",2802500
32000,300,9200,"bu","10:37:19",2811700
31950,250,5000,"bu","10:37:26",2816700
31950,250,1200,"sd","10:37:28",2817900
31950,250,600,"sd","10:37:39",2818500
32000,300,500,"bu","10:37:43",2819000
32000,300,2000,"sd","10:37:55",2821000
32000,300,5000,"sd","10:37:58",2826000
31950,250,600,"sd","10:38:01",2826600
31950,250,2000,"sd","10:38:20",2828600
31950,250,1000,"bu","10:38:30",2829600
31950,250,700,"sd","10:38:32",2830300
32000,300,3500,"sd","10:38:41",2833800
31950,250,35000,"bu","10:38:45",2868800
31950,250,600,"sd","10:38:46",2869400
31950,250,700,"bu","10:39:11",2870100
31950,250,500,"bu","10:39:13",2870600
32000,300,1000,"bu","10:39:23",2871600
31950,250,600,"sd","10:39:24",2872200
31950,250,100,"sd","10:39:26",2872300
31950,250,200,"sd","10:39:40",2872500
31950,250,100,"sd","10:39:46",2872600
31950,250,700,"sd","10:39:47",2873300
31950,250,600,"sd","10:39:54",2873900
31950,250,10000,"bu","10:40:04",2883900
31950,250,3100,"sd","10:40:15",2887000
31950,250,800,"sd","10:40:24",2887800
32000,300,2000,"sd","10:40:28",2889800
31950,250,15000,"bu","10:40:29",2904800
31950,250,700,"sd","10:41:01",2905500
31950,250,600,"sd","10:41:02",2906100
31950,250,800,"sd","10:41:05",2906900
32000,300,2000,"bu","10:41:10",2908900
32000,300,3400,"bu","10:41:14",2912300
32000,300,800,"sd","10:41:23",2913100
32000,300,200,"bu","10:41:28",2913300
31950,250,700,"bu","10:41:36",2914000
32000,300,1000,"sd","10:41:57",2915000
31950,250,700,"sd","10:42:09",2915700
31950,250,800,"bu","10:42:15",2916500
32000,300,100,"bu","10:42:48",2916600
31950,250,700,"sd","10:42:49",2917300
31950,250,800,"sd","10:42:54",2918100
31950,250,600,"sd","10:43:17",2918700
31950,250,10000,"bu","10:43:26",2928700
31950,250,5700,"sd","10:43:31",2934400
31950,250,500,"bu","10:43:35",2934900
31950,250,1800,"sd","10:43:45",2936700
31950,250,10000,"sd","10:43:47",2946700
31950,250,5300,"sd","10:43:57",2952000
31950,250,400,"bu","10:43:58",2952400
31950,250,800,"sd","10:44:09",2953200
31950,250,100,"sd","10:44:16",2953300
31950,250,600,"sd","10:44:25",2953900
31950,250,15000,"bu","10:44:26",2968900
31950,250,2000,"bu","10:44:33",2970900
31950,250,700,"sd","10:44:43",2971600
31950,250,9800,"bu","10:44:48",2981400
31950,250,1100,"sd","10:44:53",2982500
31950,250,8000,"bu","10:45:07",2990500
31950,250,7800,"bu","10:45:10",2998300
31950,250,1100,"bu","10:45:22",2999400
31950,250,1000,"sd","10:45:27",3000400
31950,250,600,"bu","10:45:32",3001000
31950,250,1000,"bu","10:45:38",3002000
31950,250,5800,"sd","10:45:55",3007800
31900,200,700,"sd","10:45:57",3008500
31950,250,1000,"sd","10:46:00",3009500
31950,250,800,"sd","10:46:08",3010300
31950,250,2900,"bu","10:46:14",3013200
31950,250,300,"bu","10:46:23",3013500
31950,250,600,"bu","10:46:29",3014100
31950,250,600,"bu","10:46:40",3014700
31950,250,1000,"sd","10:46:46",3015700
31950,250,300,"bu","10:46:47",3016000
31950,250,100,"bu","10:46:50",3016100
31950,250,600,"sd","10:46:54",3016700
31950,250,1000,"bu","10:46:59",3017700
31900,200,800,"sd","10:47:06",3018500
31900,200,100000,"bu","10:47:16",3118500
31950,250,300,"sd","10:47:17",3118800
31950,250,1300,"sd","10:47:22",3120100
31950,250,8000,"bu","10:47:37",3128100
31900,200,700,"bu","10:47:44",3128800
31900,200,600,"bu","10:47:47",3129400
31900,200,2000,"bu","10:47:52",3131400
31900,200,800,"bu","10:48:19",3132200
31950,250,500,"sd","10:48:39",3132700
31900,200,600,"bu","10:48:54",3133300
31900,200,1800,"bu","10:49:03",3135100
31900,200,1900,"sd","10:49:19",3137000
31900,200,2000,"sd","10:49:21",3139000
31900,200,800,"sd","10:49:30",3139800
31900,200,200,"bu","10:49:47",3140000
31900,200,30000,"sd","10:49:57",3170000
31900,200,100,"bu","10:49:59",3170100
31900,200,2000,"sd","10:50:00",3172100
31900,200,3500,"sd","10:50:04",3175600
31900,200,700,"sd","10:50:05",3176300
31950,250,200,"bu","10:50:07",3176500
31900,200,2000,"sd","10:50:13",3178500
31900,200,5000,"bu","10:50:30",3183500
31900,200,100,"bu","10:50:37",3183600
31900,200,700,"bu","10:50:39",3184300
31900,200,500,"bu","10:50:47",3184800
31900,200,2000,"bu","10:50:49",3186800
31900,200,1000,"bu","10:50:53",3187800
31900,200,21000,"bu","10:50:58",3208800
31900,200,2000,"sd","10:51:05",3210800
31900,200,21000,"bu","10:51:08",3231800
31900,200,500,"bu","10:51:09",3232300
31900,200,600,"sd","10:51:11",3232900
31900,200,800,"sd","10:51:15",3233700
31900,200,100,"bu","10:51:20",3233800
31900,200,300,"bu","10:51:22",3234100
31900,200,13000,"bu","10:51:32",3247100
31900,200,200,"bu","10:51:34",3247300
31900,200,200,"sd","10:51:35",3247500
31900,200,300,"bu","10:51:42",3247800
31900,200,900,"sd","10:51:57",3248700
31900,200,800,"sd","10:52:02",3249500
31800,100,100000,"bu","10:52:21",3349500
31900,200,2800,"bu","10:52:22",3352300
31800,100,50000,"sd","10:52:30",3402300
31850,150,200,"bu","10:52:48",3402500
31850,150,7200,"bu","10:53:02",3409700
31800,100,700,"bu","10:53:03",3410400
31850,150,2000,"sd","10:53:04",3412400
31850,150,500,"bu","10:53:07",3412900
31850,150,900,"bu","10:53:28",3413800
31800,100,100,"bu","10:53:30",3413900
31850,150,300,"bu","10:53:34",3414200
31800,100,2000,"bu","10:53:35",3416200
31800,100,600,"bu","10:53:36",3416800
31800,100,5000,"sd","10:53:37",3421800
31850,150,5000,"bu","10:53:45",3426800
31850,150,6900,"sd","10:53:46",3433700
31850,150,300,"sd","10:53:47",3434000
31800,100,30000,"sd","10:53:49",3464000
31800,100,20000,"sd","10:54:00",3484000
31800,100,700,"bu","10:54:07",3484700
31800,100,1000,"sd","10:54:11",3485700
31750,50,30000,"bu","10:54:12",3515700
31750,50,10000,"sd","10:54:21",3525700
31800,100,1200,"bu","10:54:39",3526900
31800,100,700,"bu","10:54:41",3527600
31800,100,3900,"bu","10:54:47",3531500
31800,100,100,"sd","10:54:50",3531600
31800,100,1000,"bu","10:54:54",3532600
31800,100,4100,"bu","10:55:09",3536700
31750,50,700,"bu","10:55:17",3537400
31800,100,5000,"sd","10:55:20",3542400
31750,50,5600,"bu","10:55:26",3548000
31800,100,100,"bu","10:55:28",3548100
31750,50,1000,"bu","10:55:30",3549100
31800,100,3000,"bu","10:55:35",3552100
31800,100,5000,"bu","10:55:37",3557100
31800,100,500,"bu","10:55:40",3557600
31750,50,4600,"bu","10:55:42",3562200
31800,100,100,"sd","10:55:53",3562300
31800,100,1300,"sd","10:55:54",3563600
31800,100,5000,"sd","10:55:55",3568600
31800,100,100,"sd","10:55:57",3568700
31800,100,6700,"sd","10:56:03",3575400
31850,150,2500,"bu","10:56:14",3577900
31800,100,16400,"sd","10:56:24",3594300
31850,150,300,"bu","10:56:25",3594600
31800,100,1300,"sd","10:56:49",3595900
31850,150,20000,"sd","10:56:59",3615900
31850,150,1500,"bu","10:57:05",3617400
31850,150,800,"bu","10:57:09",3618200
31850,150,5000,"bu","10:57:13",3623200
31800,100,20000,"bu","10:57:17",3643200
31850,150,100,"bu","10:57:26",3643300
31900,200,10700,"bu","10:57:39",3654000
31900,200,7600,"bu","10:57:47",3661600
31950,250,39100,"sd","10:57:50",3700700
31950,250,6700,"bu","10:57:53",3707400
31950,250,2000,"sd","10:58:15",3709400
31900,200,800,"bu","10:58:16",3710200
31900,200,500,"sd","10:58:26",3710700
31900,200,100,"bu","10:58:40",3710800
31950,250,900,"bu","10:58:47",3711700
31900,200,3000,"bu","10:58:48",3714700
31900,200,15000,"bu","10:58:50",3729700
31950,250,500,"sd","10:58:53",3730200
31900,200,800,"sd","10:58:56",3731000
31900,200,600,"sd","10:59:03",3731600
31900,200,100,"sd","10:59:14",3731700
31900,200,4000,"sd","10:59:38",3735700
31900,200,2000,"bu","10:59:47",3737700
31900,200,10100,"bu","10:59:51",3747800
31900,200,300,"sd","11:00:00",3748100
31900,200,100,"bu","11:00:10",3748200
31900,200,2200,"bu","11:00:22",3750400
31900,200,500,"bu","11:00:25",3750900
31900,200,5000,"bu","11:00:47",3755900
31900,200,800,"bu","11:00:58",3756700
31900,200,1400,"bu","11:01:19",3758100
31950,250,800,"bu","11:02:08",3758900
31900,200,800,"sd","11:02:14",3759700
31900,200,1000,"sd","11:02:16",3760700
31950,250,1100,"bu","11:02:34",3761800
31900,200,700,"bu","11:02:45",3762500
31900,200,1000,"bu","11:03:06",3763500
31900,200,5000,"bu","11:03:07",3768500
31900,200,1700,"bu","11:03:24",3770200
31900,200,600,"sd","11:03:34",3770800
31950,250,100,"sd","11:03:38",3770900
31950,250,6000,"sd","11:04:02",3776900
31950,250,3900,"sd","11:04:06",3780800
31950,250,100,"bu","11:04:10",3780900
31950,250,5000,"bu","11:04:13",3785900
31950,250,1000,"bu","11:04:18",3786900
31950,250,5000,"sd","11:04:22",3791900
31950,250,500,"bu","11:04:25",3792400
31950,250,200,"bu","11:04:26",3792600
31950,250,900,"bu","11:04:36",3793500
31900,200,800,"bu","11:04:39",3794300
31900,200,600,"sd","11:04:41",3794900
31950,250,14400,"sd","11:04:43",3809300
31950,250,500,"sd","11:04:46",3809800
31950,250,600,"bu","11:05:13",3810400
31950,250,100,"sd","11:05:29",3810500
31950,250,1400,"sd","11:05:49",3811900
31950,250,5000,"sd","11:06:04",3816900
32000,300,100,"bu","11:06:21",3817000
31950,250,700,"sd","11:06:24",3817700
31950,250,400,"bu","11:06:28",3818100
32000,300,200,"sd","11:06:35",3818300
31950,250,700,"sd","11:07:00",3819000
31950,250,100,"bu","11:07:10",3819100
31950,250,1000,"bu","11:07:12",3820100
31950,250,1700,"sd","11:07:35",3821800
31950,250,500,"bu","11:07:41",3822300
31950,250,100,"bu","11:07:58",3822400
31950,250,600,"bu","11:08:04",3823000
31950,250,700,"sd","11:08:08",3823700
31950,250,2600,"sd","11:08:12",3826300
31950,250,2500,"bu","11:08:17",3828800
31950,250,1000,"sd","11:08:30",3829800
31950,250,600,"sd","11:08:39",3830400
31950,250,600,"sd","11:08:47",3831000
31950,250,600,"sd","11:09:13",3831600
31950,250,700,"bu","11:09:14",3832300
31950,250,600,"bu","11:09:29",3832900
31950,250,1000,"bu","11:09:31",3833900
31950,250,100,"sd","11:09:33",3834000
31950,250,700,"bu","11:09:48",3834700
31950,250,2000,"sd","11:10:05",3836700
31950,250,1300,"bu","11:10:21",3838000
31950,250,2400,"sd","11:10:34",3840400
31950,250,900,"bu","11:10:40",3841300
31950,250,700,"sd","11:10:59",3842000
31950,250,10000,"bu","11:11:03",3852000
31950,250,5100,"bu","11:11:14",3857100
31950,250,600,"bu","11:11:28",3857700
31950,250,700,"sd","11:11:31",3858400
32000,300,5200,"sd","11:11:42",3863600
32000,300,4100,"bu","11:11:43",3867700
32000,300,1200,"sd","11:11:44",3868900
31950,250,100,"sd","11:11:51",3869000
31950,250,500,"bu","11:12:00",3869500
31950,250,900,"sd","11:12:10",3870400
31950,250,1000,"bu","11:12:11",3871400
31950,250,600,"bu","11:12:36",3872000
31950,250,2000,"sd","11:13:14",3874000
31950,250,100,"sd","11:13:15",3874100
31950,250,1000,"bu","11:13:16",3875100
31950,250,100,"sd","11:13:27",3875200
31950,250,500,"bu","11:13:41",3875700
31950,250,600,"bu","11:13:42",3876300
32000,300,100,"sd","11:13:44",3876400
31950,250,700,"sd","11:13:53",3877100
31950,250,200,"sd","11:14:03",3877300
31950,250,500,"bu","11:14:21",3877800
31950,250,800,"bu","11:14:31",3878600
31950,250,100,"bu","11:14:41",3878700
31950,250,500,"bu","11:14:48",3879200
31950,250,600,"sd","11:14:51",3879800
31950,250,700,"bu","11:15:07",3880500
31950,250,1500,"sd","11:15:29",3882000
31950,250,400,"sd","11:15:35",3882400
31950,250,700,"bu","11:15:39",3883100
31950,250,500,"bu","11:15:53",3883600
31950,250,600,"bu","11:15:59",3884200
31950,250,5000,"bu","11:16:03",3889200
31950,250,9100,"sd","11:16:10",3898300
31950,250,2000,"bu","11:16:42",3900300
31900,200,700,"bu","11:16:45",3901000
31900,200,600,"bu","11:17:06",3901600
31900,200,5000,"sd","11:17:14",3906600
31900,200,100,"bu","11:17:19",3906700
31900,200,700,"bu","11:17:23",3907400
31900,200,20000,"sd","11:17:33",3927400
31900,200,700,"sd","11:17:57",3928100
31900,200,600,"sd","11:18:14",3928700
31900,200,700,"sd","11:18:30",3929400
31900,200,800,"sd","11:18:37",3930200
31900,200,400,"sd","11:18:53",3930600
31900,200,700,"bu","11:19:03",3931300
31900,200,700,"bu","11:19:20",3932000
31900,200,700,"bu","11:19:39",3932700
31900,200,10000,"bu","11:19:49",3942700
31900,200,1000,"bu","11:20:02",3943700
31900,200,600,"sd","11:20:12",3944300
31900,200,600,"bu","11:20:29",3944900
31900,200,700,"bu","11:20:45",3945600
31950,250,10000,"bu","11:21:07",3955600
31900,200,700,"sd","11:21:18",3956300
31950,250,500,"bu","11:21:21",3956800
31950,250,1400,"bu","11:21:25",3958200
31950,250,4000,"sd","11:21:32",3962200
31950,250,1000,"bu","11:21:35",3963200
31950,250,200,"bu","11:21:53",3963400
31900,200,700,"sd","11:21:54",3964100
31950,250,5000,"sd","11:22:13",3969100
31950,250,12500,"bu","11:22:32",3981600
31950,250,600,"sd","11:22:44",3982200
31950,250,2000,"bu","11:22:52",3984200
31950,250,600,"sd","11:23:06",3984800
31950,250,700,"bu","11:23:40",3985500
31950,250,600,"bu","11:23:51",3986100
31950,250,400,"bu","11:23:54",3986500
31950,250,700,"sd","11:24:11",3987200
31950,250,500,"bu","11:24:13",3987700
31950,250,1000,"sd","11:24:20",3988700
31950,250,10000,"bu","11:24:33",3998700
31950,250,1000,"bu","11:24:37",3999700
31950,250,1300,"sd","11:24:59",4001000
31950,250,1600,"sd","11:25:16",4002600
31900,200,600,"sd","11:25:20",4003200
31950,250,500,"sd","11:25:50",4003700
31900,200,800,"sd","11:25:58",4004500
31900,200,600,"bu","11:26:06",4005100
31900,200,10700,"bu","11:26:33",4015800
31900,200,100,"bu","11:26:54",4015900
31900,200,700,"bu","11:27:09",4016600
31900,200,100,"bu","11:27:14",4016700
31900,200,600,"bu","11:27:15",4017300
31900,200,1000,"sd","11:27:35",4018300
31900,200,800,"sd","11:27:45",4019100
31900,200,3000,"bu","11:27:59",4022100
31900,200,600,"bu","11:28:21",4022700
31900,200,100,"sd","11:28:23",4022800
31900,200,800,"bu","11:28:24",4023600
31900,200,100,"sd","11:28:38",4023700
31900,200,600,"sd","11:28:59",4024300
31900,200,300,"bu","11:29:18",4024600
31950,250,200,"bu","11:29:19",4024800
31950,250,800,"bu","11:29:31",4025600
31900,200,10000,"sd","11:29:43",4035600
31950,250,300,"sd","11:29:52",4035900
31900,200,3100,"sd","13:00:20",4039000
31900,200,100,"bu","13:00:21",4039100
31900,200,1000,"sd","13:00:24",4040100
31900,200,1200,"bu","13:00:36",4041300
31900,200,1000,"sd","13:00:37",4042300
31950,250,300,"bu","13:00:38",4042600
31950,250,1800,"bu","13:00:39",4044400
31950,250,200,"bu","13:00:46",4044600
31900,200,500,"sd","13:00:47",4045100
31950,250,1600,"sd","13:00:48",4046700
31900,200,3000,"bu","13:00:56",4064500
31950,250,10000,"sd","13:01:06",4074500
31900,200,3600,"bu","13:01:07",4078100
31900,200,200,"bu","13:01:11",4078300
31900,200,6000,"bu","13:01:12",4084300
31900,200,4000,"bu","13:01:31",4088300
31900,200,100,"bu","13:01:40",4088400
31900,200,600,"bu","13:01:44",4089000
31900,200,900,"bu","13:02:22",4089900
31900,200,600,"bu","13:02:53",4090500
31950,250,30000,"bu","13:03:02",4120500
31900,200,1000,"bu","13:03:03",4121500
31900,200,500,"bu","13:03:09",4122000
31900,200,2000,"bu","13:03:17",4124000
31950,250,500,"sd","13:03:21",4124500
31900,200,200,"bu","13:03:36",4124700
31900,200,600,"bu","13:03:38",4125300
31900,200,400,"bu","13:03:51",4125700
31900,200,600,"bu","13:04:00",4126300
31900,200,100,"sd","13:04:18",4126400
31900,200,400,"bu","13:04:36",4126800
31900,200,5000,"sd","13:04:41",4131800
31900,200,2000,"bu","13:04:44",4133800
31900,200,7100,"bu","13:04:52",4140900
31950,250,11000,"sd","13:05:08",4151900
31900,200,3000,"sd","13:05:22",4154900
31900,200,200,"sd","13:05:35",4155100
31900,200,900,"sd","13:05:36",4156000
31900,200,500,"sd","13:05:50",4156500
31900,200,2400,"bu","13:05:56",4158900
31900,200,900,"bu","13:06:13",4159800
31900,200,600,"bu","13:06:16",4160400
31900,200,1500,"bu","13:06:19",4161900
31900,200,100,"sd","13:06:23",4162000
31900,200,200,"sd","13:06:50",4162200
31900,200,800,"sd","13:06:52",4163000
31850,150,200,"sd","13:06:55",4163200
31900,200,500,"bu","13:07:08",4163700
31850,150,2000,"sd","13:07:11",4165700
31900,200,6000,"sd","13:07:21",4171700
31900,200,100,"bu","13:07:31",4171800
31850,150,2100,"sd","13:07:37",4173900
31900,200,1000,"bu","13:07:39",4174900
31900,200,1200,"sd","13:07:50",4176100
31900,200,4000,"bu","13:07:57",4180100
31900,200,300,"sd","13:08:11",4180400
31850,150,2100,"sd","13:08:14",4182500
31900,200,1000,"bu","13:08:23",4183500
31900,200,2000,"bu","13:08:28",4185500
31900,200,10800,"bu","13:08:43",4196300
31900,200,2000,"bu","13:08:45",4198300
31900,200,2200,"bu","13:09:25",4200500
31900,200,1000,"sd","13:09:27",4201500
31900,200,5400,"bu","13:09:34",4206900
31900,200,600,"bu","13:09:37",4207500
31900,200,8600,"bu","13:09:42",4216100
31850,150,2000,"sd","13:09:59",4218100
31850,150,1000,"bu","13:10:27",4219100
31850,150,400,"bu","13:10:44",4219500
31850,150,600,"bu","13:10:47",4220100
31850,150,3500,"bu","13:10:56",4223600
31900,200,300,"bu","13:11:11",4223900
31900,200,1300,"bu","13:11:19",4225200
31900,200,8400,"bu","13:11:29",4233600
31850,150,2100,"sd","13:11:30",4235700
31850,150,1400,"sd","13:11:55",4237100
31850,150,2100,"bu","13:12:05",4239200
31900,200,200,"bu","13:12:35",4239400
31850,150,2300,"bu","13:12:42",4241700
31850,150,600,"sd","13:13:01",4242300
31850,150,200,"bu","13:13:02",4242500
31850,150,3400,"bu","13:13:08",4245900
31850,150,2200,"sd","13:13:18",4248100
31850,150,20000,"sd","13:13:37",4268100
31850,150,100,"sd","13:13:42",4268200
31850,150,3000,"bu","13:13:46",4271200
31850,150,2700,"sd","13:14:02",4273900
31850,150,700,"sd","13:14:10",4274600
31900,200,10000,"sd","13:14:19",4284600
31900,200,1100,"sd","13:14:35",4285700
31850,150,3100,"sd","13:14:39",4288800
31900,200,500,"bu","13:15:04",4289300
31900,200,10000,"bu","13:15:10",4299300
31900,200,300,"bu","13:15:15",4299600
31850,150,2500,"sd","13:15:21",4302100
31900,200,5000,"bu","13:15:22",4307100
31900,200,5000,"sd","13:15:27",4312100
31900,200,3000,"bu","13:15:36",4315100
31900,200,2700,"bu","13:15:42",4317800
31900,200,100,"sd","13:15:48",4317900
31900,200,2000,"bu","13:15:53",4319900
31900,200,500,"sd","13:16:08",4320400
31900,200,10000,"sd","13:16:15",4330400
31900,200,8700,"bu","13:16:24",4339100
31900,200,500,"sd","13:16:26",4339600
31900,200,2400,"sd","13:16:36",4342000
31900,200,500,"sd","13:16:41",4342500
31900,200,500,"sd","13:16:53",4343000
31900,200,10000,"sd","13:17:11",4353000
31850,150,2300,"sd","13:17:12",4355300
31950,250,500,"bu","13:17:25",4355800
31850,150,2200,"sd","13:17:52",4358000
31950,250,2000,"sd","13:17:58",4360000
31950,250,3600,"sd","13:18:17",4363600
31900,200,2500,"bu","13:18:36",4366100
31900,200,600,"bu","13:18:39",4366700
31900,200,2900,"sd","13:19:25",4369600
31900,200,600,"sd","13:19:46",4370200
31900,200,300,"sd","13:19:51",4370500
31900,200,8500,"sd","13:20:01",4379000
31900,200,12000,"bu","13:20:17",4391000
31900,200,2700,"bu","13:20:49",4393700
31900,200,600,"bu","13:20:54",4394300
31950,250,15000,"sd","13:20:57",4409300
31950,250,9300,"bu","13:20:59",4418600
31900,200,1000,"sd","13:21:01",4419600
31950,250,1000,"sd","13:21:04",4420600
31950,250,20000,"bu","13:21:28",4440600
32000,300,400,"sd","13:21:51",4441000
31950,250,2400,"bu","13:22:08",4443400
31950,250,100,"sd","13:22:31",4443500
31950,250,3700,"sd","13:22:43",4447200
31950,250,500,"sd","13:22:47",4447700
31950,250,600,"sd","13:23:10",4448300
31950,250,2000,"bu","13:23:14",4450300
31950,250,500,"bu","13:23:26",4450800
31950,250,2700,"bu","13:23:27",4453500
31950,250,1000,"sd","13:23:39",4454500
32000,300,100,"sd","13:23:41",4454600
31950,250,300,"sd","13:23:46",4454900
32000,300,105000,"bu","13:24:08",4559900
31950,250,2500,"bu","13:24:11",4562400
31950,250,600,"sd","13:24:17",4563000
32000,300,50000,"sd","13:24:24",4613000
32000,300,200,"sd","13:24:30",4613200
32000,300,9000,"bu","13:24:32",4622200
32000,300,10000,"sd","13:24:34",4632200
32000,300,45300,"sd","13:24:37",4677500
32049.999999999996,350,300,"bu","13:24:39",4677800
32000,300,1000,"bu","13:24:44",4678800
32049.999999999996,350,3000,"sd","13:24:46",4681800
32049.999999999996,350,2000,"sd","13:24:48",4683800
32049.999999999996,350,400,"bu","13:24:49",4684200
32049.999999999996,350,200,"bu","13:24:58",4684400
32049.999999999996,350,1000,"bu","13:25:01",4685400
32000,300,3100,"bu","13:25:02",4688500
32049.999999999996,350,2700,"bu","13:25:04",4691200
32049.999999999996,350,1200,"bu","13:25:14",4692400
32049.999999999996,350,100,"sd","13:25:19",4692500
32049.999999999996,350,300,"sd","13:25:24",4692800
32000,300,12500,"bu","13:25:46",4705300
32000,300,18500,"sd","13:25:49",4723800
32000,300,100,"sd","13:25:51",4723900
32000,300,1700,"bu","13:26:01",4725600
32049.999999999996,350,10500,"sd","13:26:03",4736100
32000,300,1700,"bu","13:26:09",4737800
32000,300,1800,"bu","13:26:12",4739600
32000,300,2000,"bu","13:26:14",4741600
32000,300,1200,"sd","13:26:20",4742800
32000,300,2300,"sd","13:26:25",4745100
32000,300,3500,"bu","13:26:30",4748600
32000,300,2100,"sd","13:26:52",4750700
32000,300,5000,"sd","13:26:55",4755700
32000,300,1900,"bu","13:26:59",4757600
32000,300,2200,"sd","13:27:05",4759800
32000,300,2500,"bu","13:27:07",4762300
32000,300,1000,"sd","13:27:19",4763300
32000,300,2400,"bu","13:27:25",4765700
32000,300,500,"bu","13:27:40",4766200
32000,300,5400,"bu","13:28:21",4771600
31950,250,7200,"bu","13:28:34",4778800
31950,250,600,"sd","13:28:47",4779400
32000,300,300,"sd","13:29:01",4779700
31950,250,2400,"sd","13:29:11",4782100
32000,300,2000,"bu","13:29:22",4784100
31950,250,2200,"bu","13:29:50",4786300
31950,250,600,"bu","13:29:57",4786900
31950,250,1000,"bu","13:30:04",4787900
31950,250,500,"sd","13:30:16",4788400
31950,250,2000,"sd","13:30:23",4790400
31950,250,500,"bu","13:30:58",4790900
31950,250,2200,"bu","13:31:00",4793100
31950,250,600,"sd","13:31:03",4793700
31950,250,1500,"sd","13:31:07",4795200
31950,250,1000,"sd","13:31:30",4796200
31950,250,2200,"bu","13:31:36",4798400
31950,250,2000,"sd","13:31:57",4800400
31950,250,15000,"sd","13:32:03",4815400
31950,250,100,"bu","13:32:07",4815500
31950,250,8000,"bu","13:32:08",4823500
31950,250,600,"sd","13:32:11",4824100
31950,250,2100,"bu","13:32:14",4826200
31950,250,3000,"sd","13:32:28",4829200
31950,250,2100,"sd","13:32:47",4831300
31950,250,800,"bu","13:32:52",4832100
31950,250,20000,"sd","13:32:59",4852100
31950,250,900,"bu","13:33:01",4853000
31950,250,600,"sd","13:33:04",4853600
31950,250,19100,"sd","13:33:06",4872700
31900,200,2600,"bu","13:33:31",4875300
31900,200,200,"sd","13:33:34",4875500
31900,200,3000,"sd","13:33:36",4878500
31900,200,10000,"sd","13:33:45",4888500
31950,250,500,"bu","13:33:52",4889000
31900,200,30000,"sd","13:33:55",4919000
31950,250,1000,"bu","13:34:00",4920000
31900,200,3300,"sd","13:34:08",4923300
31900,200,600,"bu","13:34:26",4923900
31900,200,200,"bu","13:34:29",4924100
31900,200,7400,"bu","13:34:51",4931500
31900,200,900,"bu","13:34:53",4932400
31900,200,400,"sd","13:35:05",4932800
31900,200,2000,"bu","13:35:22",4934800
31900,200,1000,"sd","13:35:26",4935800
31900,200,600,"sd","13:35:34",4936400
31900,200,2200,"bu","13:36:02",4938600
31900,200,200,"bu","13:36:13",4938800
31900,200,100,"bu","13:36:14",4938900
31900,200,2500,"sd","13:36:31",4941400
31900,200,4900,"bu","13:36:33",4946300
31900,200,600,"sd","13:36:41",4946900
31900,200,1900,"sd","13:36:56",4948800
31900,200,5100,"sd","13:37:03",4953900
31900,200,1000,"sd","13:37:10",4954900
31900,200,2400,"sd","13:37:13",4957300
31900,200,10000,"sd","13:37:28",4967300
31900,200,600,"sd","13:37:50",4967900
31900,200,2300,"bu","13:37:52",4970200
31900,200,2500,"sd","13:37:54",4972700
31900,200,1100,"bu","13:37:57",4973800
31900,200,500,"bu","13:38:10",4974300
31900,200,1300,"bu","13:38:14",4975600
31900,200,500,"sd","13:38:23",4976100
31900,200,2600,"sd","13:38:28",4978700
31900,200,2000,"bu","13:38:30",4980700
31900,200,10000,"bu","13:38:36",4990700
31900,200,500,"bu","13:38:46",4991200
31900,200,2100,"bu","13:38:50",4993300
31900,200,700,"bu","13:38:56",4994000
31900,200,2100,"sd","13:39:02",4996100
31900,200,1000,"bu","13:39:20",4997100
31900,200,500,"bu","13:39:22",4997600
31900,200,800,"bu","13:39:33",4998400
31900,200,600,"sd","13:39:35",4999000
31900,200,2100,"sd","13:39:38",5001100
31900,200,100,"bu","13:39:42",5001200
31900,200,5000,"bu","13:39:51",5006200
31900,200,100,"sd","13:39:59",5006300
31950,250,200,"sd","13:40:01",5006500
31900,200,2100,"bu","13:40:14",5008600
31900,200,800,"bu","13:40:28",5009400
31900,200,8000,"bu","13:40:34",5017400
31900,200,3000,"sd","13:40:41",5020400
31850,150,3500,"sd","13:40:48",5023900
31900,200,100,"sd","13:40:50",5024000
31850,150,2300,"sd","13:40:52",5026300
31900,200,2000,"bu","13:41:08",5028300
31900,200,500,"sd","13:41:13",5028800
31900,200,1900,"bu","13:41:18",5030700
31900,200,200,"sd","13:41:25",5030900
31850,150,2200,"sd","13:41:29",5033100
31900,200,600,"bu","13:41:50",5033700
31850,150,2000,"bu","13:42:03",5035700
31850,150,600,"bu","13:42:19",5036300
31900,200,11300,"bu","13:42:32",5047600
31900,200,2300,"sd","13:42:42",5049900
31900,200,2000,"sd","13:42:49",5051900
31900,200,10000,"sd","13:42:51",5061900
31950,250,200,"bu","13:43:00",5062100
31900,200,5000,"bu","13:43:02",5067100
31900,200,100,"bu","13:43:06",5067200
31900,200,25800,"bu","13:43:34",5093000
31900,200,1000,"sd","13:43:50",5094000
31900,200,2100,"bu","13:43:53",5096100
31900,200,1900,"bu","13:44:00",5098000
31900,200,4500,"sd","13:44:06",5102500
31900,200,100,"bu","13:44:18",5102600
31900,200,2300,"bu","13:44:30",5104900
31900,200,600,"sd","13:44:34",5105500
31950,250,4000,"bu","13:44:35",5109500
31900,200,2900,"bu","13:44:57",5112400
31900,200,1900,"sd","13:45:02",5114300
31950,250,100,"bu","13:45:22",5114400
31900,200,300,"sd","13:45:24",5114700
31900,200,2900,"sd","13:45:43",5117600
31900,200,1000,"sd","13:46:11",5118600
31900,200,2000,"bu","13:46:16",5120600
31900,200,300,"bu","13:46:22",5120900
31900,200,500,"sd","13:46:49",5121400
31900,200,600,"sd","13:46:51",5122000
31900,200,2200,"sd","13:46:52",5124200
31900,200,10500,"sd","13:47:06",5134700
31900,200,2300,"sd","13:47:30",5137000
31900,200,500,"bu","13:47:35",5137500
31900,200,3000,"bu","13:47:40",5140500
31900,200,1000,"bu","13:47:59",5141500
31900,200,600,"bu","13:48:01",5142100
31900,200,4100,"bu","13:48:02",5146200
31900,200,2200,"bu","13:48:07",5148400
31900,200,3000,"sd","13:48:40",5151400
31950,250,1600,"bu","13:48:46",5153000
31900,200,100,"bu","13:48:53",5153100
31900,200,1300,"sd","13:49:06",5154400
31900,200,1900,"sd","13:49:15",5156300
31900,200,1500,"sd","13:49:17",5157800
31950,250,1400,"sd","13:49:27",5159200
31900,200,4300,"sd","13:49:37",5163500
31900,200,200,"sd","13:49:43",5163700
31900,200,8000,"bu","13:49:52",5171700
31900,200,2400,"sd","13:49:54",5174100
31900,200,10600,"bu","13:50:13",5184700
31900,200,300,"bu","13:50:19",5185000
31900,200,2400,"sd","13:50:34",5187400
31900,200,5600,"bu","13:50:38",5193000
31900,200,1000,"bu","13:50:40",5194000
31900,200,200,"bu","13:50:48",5194200
31900,200,1000,"sd","13:50:58",5195200
31950,250,1400,"bu","13:51:01",5196600
31900,200,2000,"bu","13:51:09",5198600
31900,200,1400,"sd","13:51:20",5200000
31900,200,100,"sd","13:51:30",5200100
31900,200,2200,"sd","13:51:44",5202300
31900,200,3000,"sd","13:52:16",5205300
31900,200,200,"sd","13:52:18",5205500
31900,200,2000,"sd","13:52:20",5207500
31900,200,1000,"sd","13:52:27",5208500
31900,200,600,"sd","13:52:28",5209100
31900,200,10000,"sd","13:52:40",5219100
31900,200,10000,"bu","13:52:46",5229100
31900,200,3000,"sd","13:52:47",5232100
31900,200,2100,"bu","13:52:49",5234200
31900,200,300,"sd","13:52:51",5234500
31900,200,2000,"bu","13:52:53",5236500
31900,200,6500,"bu","13:52:58",5243000
31900,200,500,"bu","13:53:00",5243500
31900,200,2000,"sd","13:53:07",5245500
31900,200,5800,"sd","13:53:09",5251300
31850,150,500,"sd","13:53:52",5251800
31850,150,2200,"bu","13:54:04",5254000
31850,150,600,"bu","13:54:07",5254600
31850,150,2000,"bu","13:54:36",5256600
31900,200,8800,"bu","13:54:41",5265400
31850,150,1000,"bu","13:54:43",5266400
31850,150,5000,"bu","13:54:47",5271400
31850,150,2600,"sd","13:54:51",5274000
31850,150,400,"bu","13:54:56",5274400
31850,150,2100,"bu","13:55:12",5276500
31850,150,600,"sd","13:55:52",5277100
31850,150,2600,"sd","13:55:56",5279700
31850,150,10000,"sd","13:56:10",5289700
31850,150,2500,"sd","13:56:31",5292200
31850,150,5000,"bu","13:56:33",5297200
31900,200,3000,"sd","13:56:38",5300200
31850,150,200,"bu","13:56:40",5300400
31850,150,2900,"sd","13:57:04",5303300
31850,150,200,"bu","13:57:24",5303500
31850,150,500,"bu","13:57:25",5304000
31850,150,2500,"sd","13:57:41",5306500
31850,150,2200,"bu","13:57:45",5308700
31900,200,1000,"sd","13:58:02",5309700
31900,200,10400,"bu","13:58:09",5320100
31900,200,6100,"bu","13:58:19",5326200
31850,150,2300,"bu","13:58:21",5328500
31900,200,2000,"bu","13:58:31",5330500
31900,200,900,"bu","13:58:40",5331400
31900,200,1000,"bu","13:58:42",5332400
31900,200,5000,"bu","13:58:44",5337400
31900,200,2000,"bu","13:58:46",5339400
31900,200,600,"bu","13:58:48",5340000
31850,150,1900,"bu","13:58:52",5341900
31900,200,1000,"bu","13:58:54",5342900
31900,200,1000,"sd","13:58:56",5343900
31900,200,1200,"bu","13:59:20",5345100
31850,150,4500,"sd","13:59:33",5349600
31900,200,20900,"bu","14:00:14",5370500
31900,200,1000,"sd","14:00:18",5371500
31850,150,2200,"sd","14:00:22",5373700
31900,200,1500,"sd","14:00:54",5375200
31900,200,500,"sd","14:00:59",5375700
31900,200,4000,"bu","14:01:10",5379700
31900,200,600,"sd","14:01:20",5380300
31900,200,1000,"sd","14:01:22",5381300
31900,200,30000,"bu","14:01:23",5411300
31900,200,1000,"bu","14:01:27",5412300
31900,200,3300,"bu","14:01:29",5415600
31950,250,1500,"bu","14:01:44",5417100
31950,250,1400,"sd","14:01:47",5418500
31950,250,100,"sd","14:02:05",5418600
31950,250,2000,"sd","14:02:48",5420600
31950,250,1000,"sd","14:03:13",5421600
31950,250,400,"sd","14:03:15",5422000
31950,250,1300,"sd","14:03:32",5423300
31950,250,200,"sd","14:03:43",5423500
31950,250,1000,"sd","14:04:40",5424500
31950,250,4200,"sd","14:05:00",5428700
31900,200,16200,"sd","14:05:18",5444900
31900,200,500,"sd","14:05:28",5445400
31900,200,600,"bu","14:06:00",5446000
31950,250,2500,"bu","14:06:10",5448500
31950,250,5000,"bu","14:06:19",5453500
31950,250,1300,"bu","14:07:02",5454800
31900,200,100,"sd","14:07:24",5454900
31900,200,10000,"bu","14:07:34",5464900
31900,200,2000,"sd","14:07:41",5466900
31900,200,100,"bu","14:07:49",5467000
31900,200,600,"sd","14:08:15",5467600
31950,250,1000,"bu","14:08:21",5468600
31900,200,200,"sd","14:08:32",5468800
31900,200,100,"sd","14:08:59",5468900
31950,250,200,"sd","14:09:21",5469100
31900,200,6000,"bu","14:09:55",5475100
31900,200,600,"sd","14:10:30",5475700
31900,200,200,"sd","14:10:51",5475900
31900,200,4000,"sd","14:10:53",5479900
31900,200,600,"sd","14:11:11",5480500
31900,200,30000,"bu","14:11:13",5510500
31900,200,2000,"sd","14:11:17",5512500
31900,200,7000,"bu","14:11:21",5519500
31900,200,400,"sd","14:11:29",5519900
31900,200,3000,"bu","14:11:31",5522900
31900,200,19000,"sd","14:11:38",5541900
31900,200,20000,"sd","14:11:49",5561900
31900,200,300,"sd","14:11:53",5562200
31900,200,100,"sd","14:12:01",5562300
31900,200,3700,"sd","14:12:05",5566000
31900,200,100,"sd","14:12:09",5566100
31900,200,5200,"sd","14:12:15",5571300
31900,200,10000,"sd","14:12:17",5581300
31900,200,600,"sd","14:12:46",5581900
31900,200,2600,"sd","14:12:48",5584500
31900,200,5400,"sd","14:12:52",5589900
31850,150,100,"bu","14:13:18",5590000
31900,200,300,"sd","14:13:22",5590300
31850,150,100,"sd","14:13:28",5590400
31850,150,1500,"bu","14:13:37",5591900
31850,150,100,"sd","14:13:39",5592000
31900,200,300,"sd","14:13:43",5592300
31900,200,5300,"bu","14:13:45",5597600
31900,200,200,"sd","14:13:49",5597800
31900,200,1500,"bu","14:14:22",5599300
31900,200,200,"sd","14:14:33",5599500
31900,200,7800,"sd","14:14:35",5607300
31900,200,1200,"bu","14:14:43",5608500
31900,200,3100,"bu","14:14:52",5611600
31900,200,100,"sd","14:14:57",5611700
31900,200,3000,"bu","14:14:59",5614700
31900,200,200,"sd","14:15:07",5614900
31900,200,400,"sd","14:15:11",5615300
31900,200,1000,"bu","14:15:14",5616300
31900,200,200,"bu","14:15:20",5616500
31900,200,100,"bu","14:15:29",5616600
31900,200,36700,"bu","14:15:38",5653300
31850,150,200,"sd","14:15:40",5653500
31900,200,20200,"sd","14:15:58",5673700
31900,200,2200,"bu","14:16:02",5675900
31850,150,100,"bu","14:16:13",5676000
31900,200,7000,"sd","14:16:22",5683000
31900,200,4200,"bu","14:16:41",5687200
31900,200,100,"sd","14:16:43",5687300
31900,200,3000,"bu","14:16:46",5690300
31900,200,5500,"sd","14:16:50",5695800
31900,200,200,"sd","14:16:56",5696000
31900,200,1400,"sd","14:17:02",5697400
31900,200,1100,"sd","14:17:05",5698500
31900,200,200,"sd","14:17:07",5698700
31900,200,2100,"sd","14:17:18",5700800
31900,200,2100,"bu","14:17:24",5702900
31900,200,200,"sd","14:17:28",5703100
31900,200,500,"bu","14:17:42",5703600
31900,200,1100,"sd","14:17:47",5704700
31900,200,100,"sd","14:17:52",5704800
31900,200,200,"sd","14:18:01",5705000
31900,200,300,"bu","14:18:15",5705300
31900,200,200,"bu","14:18:22",5705500
31900,200,6300,"bu","14:18:28",5711800
31900,200,10100,"bu","14:18:37",5721900
31900,200,10000,"bu","14:18:39",5731900
31900,200,1100,"sd","14:18:42",5733000
31900,200,700,"sd","14:18:47",5733700
31900,200,20000,"sd","14:18:49",5753700
31900,200,200,"sd","14:18:55",5753900
31900,200,100,"sd","14:18:58",5754000
31900,200,1300,"bu","14:19:03",5755300
31850,150,100,"bu","14:19:05",5755400
31900,200,2000,"sd","14:19:13",5757400
31850,150,200,"sd","14:19:18",5757600
31900,200,500,"bu","14:19:22",5758100
31850,150,200,"sd","14:19:29",5758300
31900,200,2000,"sd","14:19:32",5760300
31900,200,1100,"sd","14:19:46",5761400
31900,200,200,"sd","14:19:48",5761600
31900,200,800,"bu","14:19:50",5762400
31850,150,200,"bu","14:20:01",5762600
31900,200,700,"sd","14:20:15",5763300
31850,150,100,"bu","14:20:24",5763400
31900,200,2000,"bu","14:20:28",5765400
31850,150,200,"sd","14:20:33",5765600
31900,200,5100,"sd","14:20:48",5770700
31900,200,100,"sd","14:20:55",5770800
31900,200,1300,"bu","14:21:06",5772100
31900,200,10700,"sd","14:21:22",5782800
31900,200,4200,"bu","14:21:26",5787000
31900,200,100,"sd","14:21:29",5787100
31900,200,4600,"sd","14:21:36",5791700
31900,200,200,"sd","14:21:40",5791900
31900,200,300,"bu","14:21:47",5792200
31900,200,4300,"sd","14:21:50",5796500
31900,200,200,"bu","14:22:04",5796700
31950,250,5400,"bu","14:22:13",5802100
31900,200,500,"sd","14:22:22",5802600
31900,200,13300,"sd","14:22:42",5815900
31950,250,400,"bu","14:22:46",5816300
31900,200,1000,"sd","14:22:48",5817300
31900,200,4500,"bu","14:23:18",5821800
31900,200,10300,"sd","14:23:23",5832100
31900,200,5900,"bu","14:23:25",5838000
31900,200,200,"bu","14:23:28",5838200
31900,200,500,"sd","14:23:51",5838700
31900,200,300,"bu","14:24:13",5839000
31900,200,300,"bu","14:24:34",5839300
31900,200,7000,"bu","14:24:36",5846300
31900,200,25400,"bu","14:24:47",5871700
31900,200,600,"sd","14:24:52",5872300
31850,150,800,"sd","14:24:56",5873100
31900,200,100,"bu","14:24:59",5873200
31900,200,9800,"bu","14:25:14",5883000
31850,150,1100,"sd","14:25:16",5884100
31900,200,2800,"bu","14:25:19",5886900
31900,200,2000,"bu","14:25:25",5888900
31850,150,200,"bu","14:25:28",5889100
31900,200,2000,"sd","14:25:32",5891100
31900,200,8000,"sd","14:25:37",5899100
31850,150,100,"sd","14:25:39",5899200
31900,200,1000,"bu","14:25:42",5900200
31900,200,13200,"bu","14:25:47",5913400
31900,200,5900,"bu","14:25:49",5919300
31850,150,3200,"bu","14:25:52",5922500
31900,200,200,"sd","14:26:01",5922700
31900,200,2400,"sd","14:26:08",5925100
31900,200,200,"bu","14:26:12",5925300
31900,200,2300,"bu","14:26:16",5927600
31900,200,500,"bu","14:26:21",5928100
31900,200,2000,"bu","14:26:23",5930100
31900,200,2100,"sd","14:26:25",5932200
31900,200,200,"bu","14:26:28",5932400
31900,200,300,"bu","14:26:35",5932700
31900,200,900,"sd","14:26:37",5933600
31900,200,200,"bu","14:26:45",5933800
31900,200,1000,"sd","14:26:47",5934800
31950,250,200,"bu","14:26:52",5935000
31900,200,100,"bu","14:26:54",5935100
31900,200,200,"bu","14:27:07",5935300
31900,200,1000,"sd","14:27:10",5936300
31900,200,700,"sd","14:27:18",5937000
31900,200,100,"bu","14:27:21",5937100
31900,200,10500,"sd","14:27:37",5947600
31900,200,5600,"sd","14:28:03",5953200
31900,200,500,"bu","14:28:05",5953700
31900,200,100,"bu","14:28:12",5953800
31950,250,6300,"sd","14:28:19",5960100
31900,200,3000,"sd","14:28:21",5963100
31900,200,700,"sd","14:28:24",5963800
31900,200,27900,"bu","14:28:31",5991700
31850,150,200,"sd","14:28:34",5991900
31900,200,1500,"sd","14:28:36",5993400
31900,200,200,"bu","14:28:38",5993600
31900,200,2000,"sd","14:28:42",5995600
31850,150,300,"bu","14:28:45",5995900
31900,200,24500,"sd","14:28:52",6020400
31900,200,1000,"bu","14:28:54",6021400
31900,200,400,"bu","14:28:57",6021800
31900,200,300,"bu","14:29:18",6022100
31900,200,2400,"bu","14:29:21",6024500
31950,250,2200,"sd","14:29:23",6026700
31900,200,100,"sd","14:29:29",6026800
31950,250,12000,"sd","14:29:38",6038800
31900,200,2200,"bu","14:29:40",6041000
31950,250,100,"bu","14:29:45",6041100
31900,200,14100,"bu","14:29:50",6055200
31950,250,295800,"sd","14:45:11",6351000
