"price","change","match_qtty","side","time","total_vol"
29300,0,2300,"bu","09:15:15",2300
29300,0,4100,"sd","09:15:42",6400
29300,0,500,"bu","09:16:29",6900
29300,0,100,"bu","09:16:45",7000
29300,0,300,"bu","09:17:09",7300
29300,0,100,"bu","09:17:14",7400
29500,200,1300,"bu","09:18:13",8700
29300,0,100,"bu","09:18:24",8800
29300,0,800,"sd","09:19:00",9600
29250,-50,100,"sd","09:19:04",9700
29300,0,300,"sd","09:19:18",10000
29300,0,100,"sd","09:19:23",10100
29400,100,2600,"bu","09:26:12",12700
29400,100,100,"sd","09:26:19",12800
29400,100,2600,"bu","09:31:39",15400
29400,100,100,"bu","09:31:56",15500
29400,100,1700,"bu","09:35:45",17200
29350,50,100,"sd","09:35:54",17300
29300,0,57600,"bu","09:40:44",74900
29150,-150,10000,"bu","09:40:45",84900
29150,-150,100,"bu","09:40:52",85000
29200,-100,1300,"sd","09:41:59",86300
29200,-100,100,"bu","09:42:15",86400
29200,-100,900,"sd","09:42:34",87300
29200,-100,400,"sd","09:42:37",87700
29300,0,500,"bu","09:42:41",88200
29300,0,100,"bu","09:42:52",88300
29350,50,600,"bu","09:43:36",88900
29350,50,500,"bu","09:43:46",89400
29350,50,300,"sd","09:43:51",89700
29350,50,100,"bu","09:43:52",89800
29450,150,2200,"bu","09:45:56",92000
29400,100,100,"bu","09:46:11",92100
29500,200,15400,"bu","09:46:14",107500
29500,200,100,"sd","09:46:17",107600
29550,250,5000,"sd","09:46:30",112600
29500,200,100,"sd","09:46:31",112700
29550,250,1100,"bu","09:47:07",113800
29550,250,600,"bu","09:47:10",114400
29500,200,100,"sd","09:47:11",114500
29600,300,3100,"bu","09:47:34",117600
29600,300,1100,"sd","09:47:51",118700
29700,400,3100,"sd","09:48:10",121800
29700,400,100,"sd","09:48:11",121900
29750,450,600,"bu","09:48:23",122500
29750,450,100,"sd","09:48:31",122600
29800,500,800,"bu","09:48:32",123400
30000,700,2800,"sd","09:48:45",126200
29900,600,500,"bu","09:48:47",126700
29900,600,100,"bu","09:48:51",126800
30000,700,4400,"sd","09:48:57",131200
30000,700,26300,"sd","09:48:59",157500
30050,750,800,"sd","09:49:07",158300
30050,750,1500,"sd","09:49:10",159800
30100,800,400,"sd","09:49:22",161100
30050,750,600,"sd","09:49:32",161700
30100,800,1800,"sd","09:49:49",163500
30050,750,100,"sd","09:49:51",163600
30100,800,400,"sd","09:50:05",164000
30100,800,200,"sd","09:50:11",164200
30300,1000,10000,"sd","09:50:13",174200
30100,800,100,"sd","09:50:16",174300
30300,1000,2500,"bu","09:50:17",176800
30300,1000,1100,"sd","09:50:21",177900
30300,1000,100,"bu","09:50:22",178000
30300,1000,300,"bu","09:50:25",178300
30300,1000,100,"sd","09:50:31",178400
30350,1050,300,"bu","09:50:33",178700
30300,1000,4900,"sd","09:50:34",183700
30400,1100,1700,"bu","09:50:38",185400
30400,1100,100,"sd","09:50:41",185500
30500,1200,1100,"bu","09:50:46",186600
30500,1200,7000,"bu","09:50:50",193600
30500,1200,3700,"bu","09:50:50",197300
30450,1150,100,"bu","09:50:51",197400
30500,1200,5500,"sd","09:50:54",202900
30500,1200,100,"sd","09:50:56",203000
30500,1200,1000,"sd","09:50:59",204000
30500,1200,300,"sd","09:51:00",204300
30500,1200,100,"sd","09:51:01",204400
30700,1400,11700,"sd","09:51:02",216100
30500,1200,6900,"bu","09:51:11",223000
30700,1400,200,"bu","09:51:20",229000
30750,1450,300,"bu","09:51:31",229300
30750,1450,500,"bu","09:51:36",229800
30750,1450,4000,"bu","09:51:41",233800
30750,1450,100,"sd","09:51:50",233900
30750,1450,2100,"bu","09:51:51",236000
30750,1450,100,"bu","09:51:52",236100
30750,1450,1000,"bu","09:51:57",237100
30700,1400,1100,"sd","09:52:10",238200
30700,1400,4900,"sd","09:52:11",243100
30700,1400,1500,"sd","09:52:16",244600
30500,1200,10000,"bu","09:52:24",254600
30500,1200,7900,"bu","09:52:25",262500
30100,800,100,"bu","09:52:30",262600
30300,1000,700,"sd","09:53:19",263300
30300,1000,600,"sd","09:53:30",263900
30400,1100,500,"bu","09:53:38",264400
30300,1000,100,"bu","09:53:50",264500
30400,1100,5600,"sd","09:54:11",270100
30400,1100,1000,"bu","09:54:13",271100
30500,1200,17700,"sd","09:54:17",288800
30500,1200,300,"sd","09:54:20",289100
30500,1200,500,"bu","09:54:27",289600
30500,1200,100,"bu","09:54:31",289700
30500,1200,2000,"sd","09:54:37",291700
30500,1200,100,"bu","09:54:39",291800
30500,1200,400,"sd","09:54:47",292200
30400,1100,100,"sd","09:54:51",292300
30300,1000,5800,"bu","09:56:03",298100
30300,1000,100,"bu","09:56:11",298200
30350,1050,3000,"sd","09:56:23",301200
30300,1000,100,"sd","09:56:31",301300
30350,1050,600,"sd","09:56:53",301900
30350,1050,900,"bu","09:56:55",302800
30300,1000,200,"bu","09:57:11",303000
30350,1050,500,"sd","09:57:17",303500
30300,1000,200,"bu","09:57:31",303700
30300,1000,1500,"sd","09:58:07",305200
30350,1050,3000,"sd","09:58:10",308200
30300,1000,100,"bu","09:58:11",308300
30300,1000,5500,"bu","09:58:28",313800
30300,1000,100,"sd","09:58:31",313900
30300,1000,300,"sd","09:58:34",314200
30300,1000,2000,"bu","09:58:39",316200
30350,1050,900,"bu","09:58:42",317100
30300,1000,100,"bu","09:58:51",317200
30350,1050,3600,"bu","09:59:26",320800
30300,1000,100,"bu","09:59:31",320900
30300,1000,500,"sd","09:59:32",321400
30300,1000,100,"sd","09:59:51",321500
30300,1000,600,"bu","10:00:25",322100
30300,1000,300,"bu","10:00:29",322400
30300,1000,100,"bu","10:00:31",322500
30300,1000,1500,"sd","10:00:39",324000
30350,1050,400,"bu","10:00:50",324400
30300,1000,100,"sd","10:00:52",324500
30300,1000,1100,"bu","10:01:18",325600
30300,1000,100,"sd","10:01:31",325700
30300,1000,1600,"sd","10:01:58",327300
30300,1000,100,"bu","10:02:01",327400
30300,1000,1100,"sd","10:02:06",328500
30300,1000,100,"sd","10:02:11",328600
30300,1000,5100,"sd","10:02:50",333700
30300,1000,300,"sd","10:02:52",334000
30300,1000,300,"bu","10:02:56",334300
30300,1000,100,"sd","10:03:12",334400
30300,1000,500,"sd","10:03:50",334900
30250,950,100,"sd","10:03:52",335000
30250,950,600,"bu","10:04:32",335600
30250,950,100,"bu","10:04:33",335700
30300,1000,4100,"bu","10:04:55",339800
30000,700,26300,"sd","10:05:04",366100
30300,1000,9500,"sd","10:07:38",375600
30300,1000,3800,"bu","10:07:51",379400
30350,1050,100,"bu","10:07:52",379500
30300,1000,1200,"bu","10:08:20",380700
30100,800,100,"sd","10:08:33",380800
30300,1000,2400,"sd","10:09:27",383200
30300,1000,100,"sd","10:09:30",383300
30300,1000,1900,"sd","10:11:07",385200
30200,900,100,"sd","10:11:14",385300
30300,1000,500,"bu","10:11:26",385800
30300,1000,100,"bu","10:11:34",385900
30300,1000,1500,"bu","10:13:13",387400
30300,1000,100,"sd","10:13:16",387500
30300,1000,500,"bu","10:13:20",388000
30300,1000,1500,"sd","10:13:24",389500
30300,1000,100,"sd","10:13:35",389600
30350,1050,10000,"bu","10:13:39",399600
30300,1000,18500,"bu","10:13:50",418100
30300,1000,100,"bu","10:13:56",418200
30300,1000,200,"bu","10:14:06",418400
30300,1000,100,"sd","10:14:16",418500
30400,1100,2100,"sd","10:14:29",420600
30300,1000,100,"bu","10:14:37",420700
30400,1100,300,"sd","10:14:41",421000
30400,1100,1500,"bu","10:14:47",422500
30400,1100,2500,"sd","10:14:50",425000
30450,1150,2000,"sd","10:14:51",427000
30400,1100,100,"bu","10:14:56",427100
30500,1200,23200,"sd","10:15:00",450300
30500,1200,9600,"bu","10:15:04",459900
30500,1200,10400,"bu","10:15:04",470300
30500,1200,1000,"sd","10:15:11",471300
30400,1100,100,"sd","10:15:17",471400
30500,1200,10000,"bu","10:15:18",481400
30500,1200,200,"sd","10:15:28",481600
30400,1100,5300,"bu","10:16:53",486900
30400,1100,100,"sd","10:16:58",487000
30400,1100,900,"sd","10:17:20",487900
30400,1100,100,"bu","10:17:25",488000
30400,1100,300,"sd","10:17:27",488300
30400,1100,100,"sd","10:17:38",488400
30400,1100,1400,"sd","10:17:47",489800
30350,1050,100,"sd","10:17:58",489900
30300,1000,2500,"sd","10:18:37",492400
30300,1000,100,"sd","10:18:39",492500
30300,1000,3900,"bu","10:19:46",496400
30300,1000,100,"bu","10:20:00",496500
30350,1050,1000,"sd","10:21:11",497500
30300,1000,100,"bu","10:21:20",497600
30350,1050,600,"sd","10:21:30",498200
30300,1000,100,"bu","10:21:41",498300
30350,1050,3200,"bu","10:21:47",501500
30350,1050,1400,"bu","10:22:01",502900
30350,1050,100,"bu","10:22:21",503000
30350,1050,3000,"bu","10:22:32",506000
30300,1000,100,"bu","10:22:42",506100
30350,1050,2000,"bu","10:25:55",508100
30350,1050,500,"bu","10:26:00",508600
30350,1050,100,"sd","10:26:04",508700
30350,1050,7000,"bu","10:26:11",515700
30350,1050,2000,"bu","10:26:15",517700
30400,1100,200,"sd","10:26:18",517900
30350,1050,100,"sd","10:26:25",518000
30350,1050,500,"sd","10:26:26",518500
30350,1050,1000,"bu","10:26:30",519500
30350,1050,100,"bu","10:26:43",519600
30350,1050,1100,"sd","10:26:58",520700
30350,1050,100,"sd","10:27:05",520800
30350,1050,2000,"bu","10:27:07",522800
30350,1050,100,"bu","10:27:25",522900
30300,1000,10200,"sd","10:28:22",533100
30300,1000,100,"bu","10:28:26",533200
30350,1050,200,"bu","10:28:40",533400
30300,1000,100,"sd","10:28:46",533500
30300,1000,500,"bu","10:29:51",534000
30300,1000,100,"bu","10:30:08",534100
30300,1000,2100,"sd","10:30:13",536200
30300,1000,300,"sd","10:30:26",536500
30300,1000,100,"sd","10:30:28",536600
30300,1000,4000,"bu","10:30:38",540600
30300,1000,100,"sd","10:30:48",540700
30300,1000,1100,"sd","10:31:08",541800
30300,1000,100,"sd","10:31:09",541900
30300,1000,25800,"bu","10:31:56",567700
30200,900,100,"sd","10:32:10",567800
30200,900,3200,"bu","10:32:57",571000
30200,900,100,"sd","10:33:06",571100
30200,900,20400,"sd","10:34:25",591500
30200,900,100,"bu","10:34:33",591600
30200,900,8900,"bu","10:35:01",600500
30200,900,200,"sd","10:35:05",600700
30150,850,100,"bu","10:35:13",600800
30150,850,700,"bu","10:35:40",601500
30150,850,200,"sd","10:35:45",601700
30100,800,300,"sd","10:35:54",602000
30100,800,4200,"bu","10:36:45",606200
30100,800,100,"sd","10:36:56",606300
30100,800,3300,"bu","10:37:27",609600
30100,800,500,"bu","10:37:30",610100
30100,800,100,"bu","10:37:36",610200
30100,800,20000,"bu","10:37:38",630200
30100,800,100,"sd","10:37:57",630300
30100,800,5200,"bu","10:38:50",635500
30100,800,100,"sd","10:38:57",635600
30100,800,900,"sd","10:39:48",636500
30100,800,100,"sd","10:39:59",636600
30100,800,400,"sd","10:40:04",637000
30100,800,100,"sd","10:40:19",637100
30100,800,900,"bu","10:40:22",638000
30100,800,100,"bu","10:40:39",638100
30100,800,1200,"bu","10:42:04",639300
30050,750,4100,"sd","10:42:20",643400
30050,750,100,"sd","10:42:21",643500
30050,750,300,"sd","10:42:51",643800
30000,700,100,"sd","10:43:02",643900
30050,750,500,"bu","10:43:11",644400
30000,700,2200,"bu","10:43:17",646600
29900,600,1200,"bu","10:44:01",647800
29900,600,100,"sd","10:44:04",647900
29800,500,3800,"sd","10:44:55",651700
29800,500,100,"sd","10:45:05",651800
29900,600,900,"sd","10:45:33",652700
29800,500,100,"sd","10:45:46",652800
30100,800,1300,"bu","10:46:20",654100
29900,600,100,"sd","10:46:27",654200
30100,800,4900,"sd","10:47:48",659100
30100,800,100,"bu","10:47:49",659200
30100,800,5800,"sd","10:48:23",665000
30100,800,100,"bu","10:48:30",665100
30100,800,4200,"sd","10:48:57",669300
30100,800,300,"sd","10:49:11",669600
29900,600,100,"sd","10:49:31",669700
29950,650,900,"bu","10:52:13",670600
29900,600,100,"bu","10:52:15",670700
29950,650,500,"sd","10:52:23",671200
29950,650,400,"sd","10:52:35",671600
30100,800,4200,"bu","10:52:51",675800
29900,600,100,"bu","10:52:57",675900
30100,800,20000,"bu","10:53:16",695900
29950,650,200,"sd","10:53:38",696100
30000,700,10100,"bu","10:54:18",706200
29950,650,100,"bu","10:54:19",706300
30000,700,2100,"sd","10:54:42",708400
30000,700,100,"sd","10:54:57",708500
29950,650,500,"sd","10:55:57",709000
29950,650,100,"sd","10:56:01",709100
29950,650,1400,"bu","10:57:36",710500
29950,650,4000,"bu","10:57:42",714500
29950,650,100,"sd","10:57:45",714600
29950,650,4000,"sd","10:58:03",718600
29950,650,100,"sd","10:58:05",718700
30000,700,2400,"sd","11:00:05",721100
29950,650,100,"sd","11:00:09",721200
29950,650,500,"sd","11:00:28",721700
29950,650,100,"bu","11:00:29",721800
29950,650,8100,"sd","11:00:54",729900
29950,650,700,"bu","11:01:11",730600
29900,600,100,"sd","11:01:31",730700
29900,600,1400,"bu","11:03:01",732100
29900,600,100,"bu","11:03:15",732200
29900,600,5200,"bu","11:08:06",737400
29900,600,500,"bu","11:08:07",737900
29850,550,100,"bu","11:08:25",738000
29900,600,500,"bu","11:09:19",738500
29850,550,100,"sd","11:09:27",738600
29900,600,3700,"sd","11:15:56",742300
29900,600,100,"bu","11:16:01",742400
29900,600,1200,"bu","11:18:36",743600
29950,650,1600,"bu","11:18:49",745200
30000,700,1000,"bu","11:18:53",746200
29950,650,100,"sd","11:19:10",746300
30000,700,5000,"bu","11:19:33",751300
29950,650,20000,"sd","11:19:34",771300
30000,700,400,"sd","11:19:43",771700
30000,700,4900,"sd","11:19:49",776600
29950,650,100,"bu","11:19:51",776700
30000,700,5200,"sd","11:21:13",781900
29950,650,100,"sd","11:21:14",782000
30000,700,400,"sd","11:21:17",782400
30000,700,3700,"bu","11:21:18",786100
30000,700,4900,"bu","11:21:31",791000
30000,700,2000,"sd","11:21:32",793000
30000,700,1000,"sd","11:21:35",794000
29950,650,100,"sd","11:21:36",794100
30000,700,1000,"bu","11:21:42",795100
30000,700,2000,"bu","11:21:45",797100
29950,650,100,"sd","11:21:57",797200
30000,700,5000,"sd","11:22:01",802200
29950,650,100,"bu","11:22:17",802300
30000,700,1300,"bu","11:22:27",803600
30000,700,100,"bu","11:22:35",803700
30100,800,1200,"sd","11:22:55",804900
30000,700,100,"sd","11:23:03",805000
30000,700,1700,"sd","11:24:19",806700
30000,700,100,"bu","11:24:22",806800
30100,800,13400,"sd","11:28:49",820200
30050,750,100,"bu","11:28:55",820300
30100,800,6100,"sd","11:29:39",826400
30100,800,3000,"sd","11:30:05",829400
30100,800,400,"bu","13:00:23",829800
30100,800,1000,"bu","13:00:25",830800
30050,750,300,"bu","13:00:29",831100
30100,800,100,"sd","13:00:39",831200
30100,800,4100,"sd","13:00:49",835300
30100,800,100,"sd","13:01:00",835400
30100,800,1000,"bu","13:02:13",836400
30050,750,100,"sd","13:02:19",836500
30100,800,10400,"sd","13:02:53",846900
30050,750,100,"bu","13:03:00",847000
30050,750,400,"bu","13:03:25",847400
30050,750,100,"bu","13:03:30",847500
30050,750,1200,"sd","13:05:15",848700
30100,800,100,"sd","13:05:18",848800
30100,800,5100,"bu","13:06:30",853900
30050,750,100,"bu","13:06:34",854000
30050,750,300,"sd","13:06:53",854300
30050,750,100,"bu","13:06:55",854400
30000,700,21300,"sd","13:08:57",875700
30050,750,100,"bu","13:09:08",875800
29950,650,27900,"sd","13:09:42",903700
29900,600,100,"bu","13:09:50",903800
29900,600,1100,"sd","13:10:06",904900
29900,600,100,"bu","13:10:09",905000
29900,600,1100,"bu","13:10:47",906100
29900,600,100,"sd","13:10:50",906200
29900,600,4500,"sd","13:12:07",910700
29900,600,100,"sd","13:12:13",910800
29900,600,1200,"sd","13:12:34",912000
29900,600,100,"sd","13:12:43",912100
29900,600,2200,"bu","13:14:42",914300
29900,600,100,"sd","13:14:49",914400
29850,550,1500,"bu","13:16:17",915900
29850,550,100,"sd","13:16:21",916000
29800,500,27200,"bu","13:16:46",943200
29750,450,100,"bu","13:16:52",943300
29800,500,13600,"bu","13:18:01",956900
29800,500,100,"bu","13:18:05",957000
29800,500,1000,"bu","13:18:26",958000
29800,500,100,"bu","13:18:36",958100
29850,550,1000,"bu","13:19:25",959100
29850,550,100,"bu","13:19:28",959200
29950,650,2400,"bu","13:22:24",961600
29900,600,100,"bu","13:22:26",961700
29900,600,2500,"bu","13:25:07",964200
29900,600,100,"sd","13:25:13",964300
29950,650,1500,"bu","13:25:17",965800
29900,600,100,"sd","13:25:24",965900
29950,650,3400,"sd","13:29:22",969300
29950,650,100,"sd","13:29:27",969400
29950,650,700,"bu","13:29:48",970100
29900,600,100,"bu","13:29:59",970200
29900,600,2000,"sd","13:31:50",972200
29900,600,100,"sd","13:31:57",972300
29900,600,1000,"bu","13:31:58",973300
29900,600,100,"sd","13:32:07",973400
29850,550,2900,"sd","13:35:40",976300
29850,550,100,"sd","13:35:51",976400
29800,500,1300,"bu","13:37:08",977700
29750,450,100,"sd","13:37:17",977800
29750,450,9800,"sd","13:45:52",987600
29750,450,100,"bu","13:45:59",987700
29750,450,2100,"sd","13:46:14",989800
29750,450,100,"bu","13:46:22",989900
29700,400,14700,"bu","13:47:10",1004600
29700,400,100,"bu","13:47:16",1004700
29700,400,1300,"sd","13:49:11",1006000
29700,400,100,"bu","13:49:18",1006100
29700,400,7400,"bu","13:51:59",1013500
29700,400,8200,"bu","13:52:03",1021700
29600,300,100,"bu","13:52:05",1021800
29550,250,1900,"bu","13:54:33",1023700
29550,250,100,"sd","13:54:43",1023800
29600,300,1200,"sd","13:55:23",1025000
29550,250,100,"sd","13:55:28",1025100
29650,350,1400,"sd","13:56:19",1026500
29650,350,100,"bu","13:56:27",1026600
29700,400,1600,"bu","13:57:47",1028200
29700,400,1000,"bu","13:57:49",1029200
29650,350,100,"bu","13:57:55",1029300
29750,450,5400,"bu","14:06:25",1034700
29750,450,100,"sd","14:06:27",1034800
29750,450,1000,"sd","14:06:42",1035800
29700,400,100,"bu","14:06:51",1035900
29700,400,1300,"bu","14:07:18",1037200
29700,400,100,"bu","14:07:26",1037300
29800,500,4100,"sd","14:10:19",1041400
29800,500,600,"bu","14:10:28",1042000
29700,400,100,"bu","14:10:39",1042100
29800,500,3700,"sd","14:15:48",1045800
29700,400,100,"bu","14:15:50",1045900
29800,500,1700,"sd","14:16:09",1047600
29800,500,100,"bu","14:16:15",1047700
29800,500,2900,"bu","14:18:08",1050600
29800,500,100,"sd","14:18:12",1050700
29800,500,2100,"bu","14:18:28",1052800
29800,500,100,"bu","14:18:37",1052900
29800,500,3600,"sd","14:18:49",1056500
29700,400,100,"sd","14:18:51",1056600
29700,400,800,"bu","14:19:16",1057400
29700,400,100,"bu","14:19:18",1057500
29750,450,1800,"sd","14:20:22",1059300
29750,450,100,"bu","14:20:24",1059400
29700,400,8100,"sd","14:22:38",1067500
29650,350,100,"bu","14:22:40",1067600
29800,500,2600,"sd","14:22:51",1070200
29700,400,100,"bu","14:22:55",1070300
29800,500,8900,"bu","14:23:18",1079200
29800,500,100,"sd","14:23:23",1079300
29850,550,2500,"bu","14:24:52",1081800
29800,500,100,"sd","14:24:54",1081900
29850,550,1600,"sd","14:25:52",1083500
29850,550,100,"sd","14:25:54",1083600
29850,550,1300,"bu","14:26:37",1084900
29800,500,100,"sd","14:26:45",1085000
29800,500,200,"bu","14:27:13",1085200
29800,500,10000,"sd","14:27:21",1095200
29800,500,500,"sd","14:29:11",1095700
29650,350,27200,"bu","14:45:21",1122900
