"price","change","match_qtty","side","time","total_vol"
35250,150,2300,"sd","09:15:14",2300
35250,150,600,"bu","09:15:20",2900
35250,150,100,"bu","09:15:22",3000
35250,150,500,"sd","09:16:54",3500
35300,200,1000,"bu","09:17:06",4500
35300,200,300,"sd","09:17:07",4800
35300,200,1000,"bu","09:17:44",5800
35300,200,700,"sd","09:17:50",6500
35300,200,900,"bu","09:18:55",7400
35300,200,200,"bu","09:18:57",7600
35300,200,1400,"sd","09:19:43",9000
35300,200,100,"bu","09:20:03",9100
35300,200,200,"bu","09:20:55",9300
35300,200,20000,"sd","09:21:18",29300
35300,200,400,"bu","09:21:41",29900
35300,200,100,"bu","09:21:45",30000
35300,200,500,"bu","09:21:49",30500
35300,200,1200,"sd","09:21:54",31700
35300,200,3100,"sd","09:21:57",34800
35300,200,100,"bu","09:22:14",34900
35300,200,400,"bu","09:22:19",35300
35300,200,2300,"sd","09:22:26",37600
35300,200,600,"sd","09:22:27",38200
35300,200,100,"bu","09:22:32",38300
35300,200,2200,"sd","09:22:48",40500
35300,200,600,"bu","09:22:48",41100
35300,200,100,"bu","09:22:52",41200
35350,250,1200,"sd","09:22:57",42400
35400,300,4100,"bu","09:23:00",46500
35400,300,1300,"bu","09:23:02",47800
35400,300,300,"sd","09:23:07",48100
35350,250,100,"sd","09:26:16",48200
35350,250,1900,"bu","09:26:21",50100
35350,250,500,"sd","09:26:22",50600
35350,250,100,"bu","09:26:27",50700
35350,250,2000,"bu","09:26:36",52700
35350,250,600,"bu","09:26:37",53300
35350,250,100,"bu","09:26:42",53400
35350,250,1000,"sd","09:27:13",54400
35350,250,300,"sd","09:27:17",54700
35350,250,1000,"bu","09:27:47",55700
35350,250,300,"sd","09:27:47",56000
35350,250,1000,"bu","09:28:11",57000
35350,250,300,"sd","09:28:12",57300
35300,200,100,"sd","09:28:16",57400
35300,200,5000,"sd","09:28:50",62400
35300,200,24300,"bu","09:28:51",86700
35300,200,3700,"sd","09:28:52",90400
35300,200,5000,"sd","09:29:01",95400
35300,200,1000,"sd","09:29:16",96400
35300,200,2000,"bu","09:29:24",98400
35300,200,600,"sd","09:29:27",99000
35300,200,100,"bu","09:29:32",99100
35300,200,10000,"bu","09:29:55",109100
35300,200,1100,"sd","09:29:57",110200
35300,200,2800,"sd","09:30:17",113000
35300,200,100,"sd","09:30:22",113100
35250,150,500,"sd","09:31:37",113600
35300,200,1800,"bu","09:31:47",115400
35300,200,100,"sd","09:31:52",115500
35300,200,800,"bu","09:33:18",116300
35300,200,300,"bu","09:34:07",116600
35300,200,200,"bu","09:34:11",116800
35300,200,300,"sd","09:34:21",117100
35300,200,400,"bu","09:34:23",117500
35300,200,1100,"sd","09:34:26",118600
35300,200,100,"bu","09:34:47",118700
35300,200,400,"sd","09:34:58",119100
35300,200,600,"bu","09:35:01",119700
35300,200,100,"sd","09:35:11",119800
35300,200,500,"sd","09:35:17",120300
35300,200,1200,"sd","09:35:25",121500
35300,200,2200,"bu","09:35:28",123700
35350,250,100,"sd","09:36:43",123800
35300,200,200,"sd","09:36:49",124000
35300,200,3000,"bu","09:36:53",127000
35300,200,500,"bu","09:37:43",127500
35300,200,200,"bu","09:37:55",127700
35300,200,11000,"bu","09:37:58",138700
35300,200,300,"bu","09:38:18",139000
35300,200,200,"sd","09:38:19",139200
35300,200,4200,"sd","09:38:23",143400
35300,200,1200,"sd","09:38:27",144600
35300,200,300,"sd","09:38:33",144900
35300,200,100,"sd","09:39:54",145000
35250,150,1000,"sd","09:40:24",146000
35250,150,3300,"bu","09:40:46",149300
35250,150,200,"sd","09:41:02",149500
35250,150,500,"bu","09:41:16",150000
35250,150,700,"bu","09:41:23",150700
35250,150,100,"bu","09:41:24",150800
35250,150,1000,"bu","09:41:29",151800
35250,150,200,"sd","09:41:47",152000
35250,150,100,"sd","09:43:01",152100
35250,150,200,"sd","09:43:07",152300
35250,150,100,"sd","09:43:11",152400
35250,150,900,"sd","09:43:23",153300
35300,200,1900,"bu","09:43:32",155200
35250,150,1900,"sd","09:43:33",157100
35250,150,4600,"sd","09:43:42",161700
35250,150,2000,"bu","09:44:11",163700
35250,150,2500,"sd","09:45:47",166200
35250,150,100,"bu","09:46:16",166300
35250,150,300,"bu","09:46:32",166600
35250,150,100,"sd","09:46:37",166700
35300,200,200,"bu","09:47:36",166900
35250,150,5500,"bu","09:48:11",172400
35250,150,1600,"sd","09:48:12",174000
35250,150,400,"sd","09:48:17",174400
35250,150,100,"bu","09:48:23",174500
35250,150,600,"sd","09:49:18",175100
35250,150,100,"sd","09:49:23",175200
35250,150,600,"bu","09:50:11",175800
35250,150,100,"sd","09:50:12",175900
35200,100,1000,"bu","09:51:04",176900
35200,100,100,"sd","09:52:42",177000
35200,100,300,"bu","09:54:42",177300
35200,100,2000,"sd","09:54:47",179300
35200,100,900,"sd","09:55:45",180200
35250,150,8300,"sd","09:56:01",188500
35250,150,3500,"sd","09:56:25",192000
35250,150,900,"bu","09:56:48",192900
35250,150,1500,"bu","09:57:30",194400
35250,150,700,"sd","09:57:44",195100
35250,150,100,"bu","09:58:11",195200
35250,150,400,"sd","09:58:16",195600
35300,200,5000,"sd","09:58:19",200600
35300,200,1500,"bu","09:58:23",202100
35300,200,400,"bu","09:58:28",202500
35300,200,100,"sd","09:58:33",202600
35250,150,5000,"bu","09:58:48",207600
35250,150,300,"bu","09:58:53",207900
35300,200,2000,"bu","09:59:37",209900
35300,200,600,"bu","09:59:38",210500
35300,200,100,"sd","09:59:43",210600
35200,100,1500,"sd","10:00:03",212100
35300,200,1500,"bu","10:00:37",213600
35300,200,400,"sd","10:00:38",214000
35300,200,100,"bu","10:00:43",214100
35300,200,500,"bu","10:02:22",214600
35300,200,100,"sd","10:02:23",214700
35300,200,9800,"sd","10:02:32",224500
35300,200,1000,"bu","10:02:35",225500
35300,200,2400,"bu","10:03:05",227900
35300,200,700,"sd","10:03:08",228600
35300,200,200,"sd","10:03:13",228800
35300,200,100,"sd","10:03:44",228900
35300,200,10000,"sd","10:04:07",238900
35300,200,3000,"sd","10:04:08",241900
35300,200,900,"bu","10:04:13",242800
35300,200,200,"bu","10:04:18",243000
35300,200,100,"sd","10:04:44",243100
35300,200,10100,"sd","10:06:03",253200
35300,200,3000,"sd","10:06:08",256200
35300,200,600,"sd","10:06:13",256800
35300,200,900,"sd","10:06:24",257700
35300,200,6300,"sd","10:07:19",264000
35300,200,1800,"bu","10:07:23",265800
35300,200,500,"bu","10:07:28",266300
35300,200,100,"sd","10:07:33",266400
35300,200,1300,"bu","10:07:37",267700
35300,200,500,"sd","10:08:39",268200
35300,200,1000,"sd","10:09:25",269200
35300,200,100,"bu","10:09:36",269300
35300,200,400,"sd","10:09:46",269700
35300,200,800,"sd","10:09:49",270500
35300,200,100,"sd","10:09:56",270600
35300,200,1000,"bu","10:10:06",271600
35300,200,100,"sd","10:11:28",271700
35300,200,500,"sd","10:12:37",272200
35350,250,900,"bu","10:13:06",273100
35350,250,200,"sd","10:13:08",273300
35350,250,1800,"bu","10:16:45",275100
35350,250,100,"bu","10:16:48",275200
35350,250,5000,"bu","10:19:16",280200
35350,250,1500,"bu","10:19:18",281700
35350,250,400,"bu","10:19:23",282100
35350,250,100,"bu","10:19:28",282200
35300,200,200,"sd","10:21:12",282400
35300,200,1000,"sd","10:21:40",283400
35300,200,1000,"sd","10:21:52",284400
35300,200,1000,"bu","10:22:34",285400
35300,200,300,"sd","10:22:42",285700
35300,200,700,"bu","10:22:48",286400
35300,200,2200,"sd","10:22:52",288600
35300,200,3800,"bu","10:22:55",292400
35300,200,100,"bu","10:23:12",292500
35300,200,1000,"sd","10:23:47",293500
35300,200,1000,"sd","10:24:44",294500
35300,200,200,"bu","10:25:01",294700
35350,250,300,"sd","10:25:12",295000
35300,200,4900,"sd","10:25:23",299900
35300,200,100,"bu","10:25:28",300000
35300,200,700,"bu","10:26:18",300700
35300,200,200,"bu","10:26:23",300900
35300,200,2000,"bu","10:26:46",302900
35300,200,600,"bu","10:26:48",303500
35300,200,100,"bu","10:26:53",303600
35300,200,500,"sd","10:27:39",304100
35300,200,500,"bu","10:27:43",304600
35300,200,100,"sd","10:28:00",304700
35250,150,8300,"sd","10:29:08",313000
35250,150,100,"bu","10:31:35",313100
35250,150,900,"bu","10:32:03",314000
35250,150,500,"sd","10:32:06",314500
35250,150,100,"sd","10:32:28",314600
35250,150,1000,"sd","10:33:11",315600
35300,200,100,"bu","10:33:12",315700
35250,150,700,"sd","10:35:20",316400
35250,150,500,"sd","10:35:24",316900
35300,200,2000,"sd","10:35:30",318900
35300,200,600,"sd","10:35:34",319500
35300,200,100,"bu","10:35:39",319600
35250,150,10000,"bu","10:36:04",329600
35300,200,900,"sd","10:36:10",330500
35300,200,200,"bu","10:36:13",330700
35250,150,100,"bu","10:36:34",330800
35250,150,300,"bu","10:36:39",331100
35250,150,500,"sd","10:36:41",331600
35250,150,1000,"bu","10:36:50",332600
35250,150,100,"bu","10:37:03",332700
35250,150,400,"bu","10:37:16",333100
35250,150,500,"bu","10:37:19",333600
35250,150,1000,"sd","10:37:39",334600
35200,100,4400,"sd","10:40:44",339000
35200,100,1000,"sd","10:41:29",340000
35250,150,100,"bu","10:42:14",340100
35250,150,2600,"sd","10:42:21",342700
35250,150,2600,"sd","10:42:26",345300
35250,150,100,"bu","10:42:45",345400
35250,150,700,"bu","10:43:35",346100
35250,150,500,"bu","10:44:06",346600
35250,150,900,"bu","10:44:46",347500
35250,150,1000,"bu","10:45:09",348500
35250,150,600,"sd","10:45:19",349100
35250,150,100,"sd","10:45:28",349200
35250,150,600,"sd","10:45:38",349800
35250,150,5600,"bu","10:45:51",355400
35250,150,400,"sd","10:46:37",355800
35250,150,13000,"bu","10:47:26",368800
35250,150,100,"sd","10:47:29",368900
35250,150,1000,"bu","10:47:34",369900
35250,150,500,"sd","10:47:45",370400
35250,150,1000,"sd","10:47:47",371400
35250,150,500,"bu","10:47:48",371900
35250,150,100,"sd","10:47:57",372000
35250,150,2400,"bu","10:48:32",374400
35250,150,200,"bu","10:48:33",374600
35200,100,5000,"sd","10:48:50",379600
35200,100,1500,"sd","10:50:33",381100
35200,100,5600,"bu","10:50:40",386700
35200,100,100,"bu","10:51:02",386800
35200,100,15000,"bu","10:51:17",401800
35200,100,4000,"bu","10:52:00",405800
35250,150,500,"sd","10:52:04",406300
35200,100,5000,"sd","10:52:07",411300
35200,100,1900,"bu","10:52:35",413200
35200,100,3000,"sd","10:52:48",416200
35200,100,20000,"sd","10:53:04",436200
35200,100,1000,"bu","10:53:23",437200
35250,150,1000,"sd","10:53:35",438200
35250,150,500,"bu","10:53:40",438700
35250,150,100,"bu","10:53:43",438800
35200,100,1100,"bu","10:54:19",439900
35200,100,9000,"sd","10:54:47",448900
35200,100,2000,"bu","10:54:57",450900
35200,100,10000,"sd","10:55:27",460900
35200,100,100,"sd","10:55:46",461000
35200,100,300,"sd","10:55:54",461300
35200,100,700,"sd","10:55:58",462000
35200,100,3200,"bu","10:56:02",465200
35200,100,3800,"sd","10:56:05",469000
35200,100,2200,"sd","10:56:32",471200
35200,100,600,"sd","10:56:35",471800
35200,100,100,"bu","10:56:38",471900
35200,100,300,"sd","10:56:46",472200
35200,100,1600,"sd","10:56:47",473800
35200,100,200,"sd","10:56:49",474000
35200,100,100,"sd","10:57:14",474100
35200,100,400,"bu","10:57:19",474500
35200,100,100,"bu","10:57:24",474600
35200,100,8000,"bu","10:58:01",482600
35200,100,500,"bu","10:58:04",483100
35200,100,100,"sd","10:58:23",483200
35200,100,400,"bu","10:58:50",483600
35200,100,700,"bu","10:58:54",484300
35200,100,2200,"bu","10:58:59",486500
35200,100,2000,"sd","10:59:01",488500
35200,100,3800,"sd","10:59:02",492300
35200,100,2000,"sd","10:59:08",494300
35200,100,100,"sd","10:59:38",494400
35200,100,300,"bu","10:59:54",494700
35200,100,100,"bu","10:59:59",494800
35250,150,10000,"sd","11:01:05",504800
35250,150,3000,"sd","11:01:09",507800
35250,150,300,"sd","11:01:14",508100
35250,150,100,"bu","11:02:00",508200
35250,150,200,"sd","11:02:04",508400
35250,150,300,"sd","11:02:09",508700
35250,150,1000,"sd","11:02:35",509700
35250,150,300,"bu","11:02:38",510000
35200,100,20000,"sd","11:02:44",530000
35250,150,10000,"bu","11:02:45",540000
35250,150,1400,"sd","11:02:49",541400
35250,150,4000,"bu","11:03:00",545400
35250,150,100,"bu","11:03:12",545500
35250,150,200,"sd","11:03:14",545700
35250,150,500,"bu","11:03:20",546200
35250,150,100,"sd","11:03:24",546300
35250,150,500,"sd","11:03:34",546800
35250,150,100,"sd","11:03:40",546900
35250,150,1100,"bu","11:03:44",548000
35250,150,2800,"bu","11:03:55",550800
35250,150,600,"sd","11:04:17",551400
35250,150,100,"bu","11:04:54",551500
35250,150,900,"sd","11:05:54",552400
35200,100,40000,"sd","11:06:56",592400
35200,100,47000,"sd","11:08:21",639400
35200,100,200,"bu","11:08:29",639600
35200,100,400,"sd","11:08:32",640000
35200,100,1400,"bu","11:08:36",641400
35200,100,4400,"sd","11:08:45",645800
35200,100,9600,"bu","11:08:51",655400
35200,100,2800,"bu","11:08:54",658200
35200,100,800,"sd","11:08:59",659000
35200,100,200,"bu","11:09:03",659200
35200,100,3000,"sd","11:09:14",662200
35200,100,900,"bu","11:09:18",663100
35200,100,200,"sd","11:09:24",663300
35200,100,1300,"bu","11:10:14",664600
35200,100,500,"bu","11:10:21",665100
35200,100,5700,"sd","11:17:23",670800
35200,100,6000,"bu","11:19:16",676800
35200,100,700,"sd","11:20:27",677500
35200,100,500,"bu","11:21:47",678000
35200,100,100,"sd","11:22:58",678100
35200,100,300,"bu","11:24:08",678400
35200,100,100,"sd","11:24:37",678500
35200,100,1200,"sd","11:28:45",679700
35200,100,300,"bu","11:29:08",680000
35200,100,200,"sd","11:29:27",680200
35200,100,300,"bu","11:29:29",680500
35200,100,3000,"bu","11:29:39",683500
35200,100,9800,"sd","13:00:20",693300
35200,100,900,"bu","13:00:23",694200
35250,150,200,"bu","13:00:26",694400
35150,50,32500,"bu","13:00:48",726900
35200,100,500,"sd","13:00:55",728400
35200,100,400,"sd","13:00:56",728800
35200,100,100,"bu","13:01:01",728900
35150,50,300,"bu","13:01:02",729200
35200,100,700,"sd","13:01:05",729900
35200,100,1100,"sd","13:01:07",731000
35200,100,400,"sd","13:01:08",731400
35200,100,100,"sd","13:01:09",731500
35150,50,900,"sd","13:01:10",732400
35150,50,45000,"sd","13:01:28",777400
35150,50,1000,"bu","13:02:09",778400
35150,50,1100,"bu","13:02:16",779500
35150,50,200,"sd","13:02:24",779700
35150,50,4200,"sd","13:02:36",783900
35150,50,11600,"sd","13:02:39",795500
35150,50,3400,"bu","13:02:44",798900
35150,50,1000,"sd","13:02:49",799900
35150,50,300,"bu","13:02:54",800200
35100,0,1000,"sd","13:04:33",801200
35100,0,2500,"bu","13:04:52",803700
35150,50,800,"sd","13:04:54",804500
35150,50,200,"sd","13:04:59",804700
35100,0,800,"sd","13:05:00",805500
35100,0,2000,"sd","13:05:36",807500
35100,0,100,"bu","13:05:54",807600
35100,0,200,"sd","13:05:58",807800
35100,0,700,"bu","13:06:07",808500
35100,0,2200,"sd","13:06:13",810700
35100,0,3800,"sd","13:06:18",814500
35100,0,500,"sd","13:06:19",815000
35150,50,17800,"bu","13:06:28",832800
35150,50,500,"bu","13:06:30",833300
35150,50,100,"sd","13:06:34",833400
35150,50,9100,"sd","13:06:40",842500
35150,50,600,"sd","13:06:45",843100
35150,50,200,"bu","13:06:49",843300
35150,50,10100,"sd","13:07:31",853400
35150,50,3000,"bu","13:07:34",856400
35150,50,900,"sd","13:07:39",857300
35150,50,200,"sd","13:07:44",857500
35150,50,100,"sd","13:09:43",857600
35100,0,500,"sd","13:11:06",858100
35100,0,600,"bu","13:12:03",858700
35100,0,200,"bu","13:13:27",858900
35100,0,400,"sd","13:13:30",859300
35100,0,700,"bu","13:13:33",860000
35100,0,700,"bu","13:13:37",860700
35100,0,1400,"bu","13:13:42",862100
35100,0,3000,"bu","13:13:43",865100
35100,0,7800,"sd","13:13:48",872900
35100,0,100,"sd","13:14:06",873000
35100,0,16500,"bu","13:14:20",889500
35100,0,400,"sd","13:14:23",889900
35100,0,300,"bu","13:14:30",890200
35100,0,200,"bu","13:14:33",890400
35100,0,700,"bu","13:14:36",891100
35100,0,2200,"bu","13:14:41",893300
35100,0,3800,"sd","13:14:44",897100
35100,0,1400,"sd","13:14:53",898500
35100,0,600,"bu","13:14:57",899100
35100,0,200,"sd","13:15:07",899300
35100,0,200,"bu","13:15:12",899500
35100,0,3000,"bu","13:17:30",902500
35100,0,300,"bu","13:18:20",902800
35100,0,100,"bu","13:21:03",902900
35150,50,400,"sd","13:23:30",903300
35150,50,1000,"bu","13:24:48",904300
35150,50,300,"sd","13:24:49",904600
35150,50,100,"sd","13:25:07",904700
35150,50,4100,"sd","13:25:11",908800
35150,50,2800,"sd","13:25:54",911600
35150,50,100,"bu","13:25:59",911700
35150,50,200,"sd","13:26:01",911900
35150,50,6000,"bu","13:26:03",917900
35150,50,700,"sd","13:26:04",918600
35150,50,700,"sd","13:26:07",919300
35150,50,1600,"bu","13:26:11",920900
35150,50,3800,"bu","13:26:14",924700
35150,50,1000,"bu","13:26:18",925700
35150,50,400,"sd","13:28:06",926100
35150,50,500,"bu","13:28:16",926600
35150,50,100,"bu","13:28:46",926700
35150,50,200,"sd","13:28:49",926900
35150,50,300,"bu","13:28:51",927200
35150,50,400,"bu","13:28:52",927600
35150,50,700,"sd","13:28:54",928300
35150,50,200,"bu","13:28:58",928500
35150,50,1200,"sd","13:29:10",929700
35150,50,300,"bu","13:29:15",930000
35150,50,500,"sd","13:29:41",930500
35150,50,100,"sd","13:29:44",930600
35100,0,300,"sd","13:30:58",930900
35150,50,7300,"sd","13:32:53",938200
35150,50,1000,"sd","13:32:59",939200
35200,100,40000,"bu","13:33:04",979200
35200,100,6300,"sd","13:33:09",985500
35200,100,500,"bu","13:33:40",986000
35250,150,100,"bu","13:34:02",986100
35250,150,300,"bu","13:34:21",986400
35200,100,2000,"bu","13:34:56",988400
35200,100,4000,"sd","13:35:12",992400
35200,100,500,"bu","13:35:15",992900
35200,100,1200,"bu","13:35:44",994100
35200,100,300,"bu","13:36:00",994400
35200,100,1400,"sd","13:36:05",995800
35200,100,400,"bu","13:36:11",996200
35200,100,100,"bu","13:36:14",996300
35200,100,5200,"sd","13:37:46",1001500
35200,100,2200,"sd","13:38:21",1003700
35200,100,1000,"bu","13:39:04",1004700
35200,100,1100,"bu","13:39:44",1005800
35200,100,300,"bu","13:39:49",1006100
35200,100,1000,"bu","13:41:18",1007100
35200,100,100,"bu","13:41:45",1007200
35200,100,500,"bu","13:42:12",1007700
35200,100,100,"bu","13:43:55",1007800
35200,100,200,"sd","13:43:58",1008000
35200,100,700,"bu","13:44:02",1008700
35200,100,6700,"bu","13:44:06",1015400
35200,100,1500,"bu","13:44:07",1016900
35200,100,1000,"sd","13:44:09",1017900
35200,100,3800,"sd","13:44:11",1021700
35200,100,1100,"sd","13:44:13",1022800
35200,100,100,"sd","13:44:28",1022900
35200,100,2100,"sd","13:44:30",1025000
35200,100,600,"sd","13:44:35",1025600
35200,100,100,"bu","13:44:39",1025700
35200,100,7600,"sd","13:45:39",1033300
35200,100,200,"sd","13:45:41",1033500
35200,100,4500,"sd","13:45:52",1038000
35200,100,1300,"bu","13:45:56",1039300
35200,100,200,"bu","13:45:59",1039500
35200,100,200,"sd","13:46:18",1039700
35150,50,3000,"bu","13:47:30",1042700
35150,50,100,"bu","13:48:31",1042800
35150,50,200,"sd","13:50:04",1043000
35150,50,300,"bu","13:50:29",1043300
35150,50,100,"bu","13:51:09",1043400
35150,50,300,"bu","13:51:13",1043700
35150,50,700,"bu","13:51:14",1044400
35150,50,700,"sd","13:51:18",1045100
35150,50,1500,"sd","13:51:22",1046600
35150,50,3800,"bu","13:51:24",1050400
35150,50,5000,"bu","13:51:37",1055400
35200,100,300,"bu","13:51:44",1055700
35150,50,200,"sd","13:52:44",1055900
35150,50,400,"sd","13:52:46",1056300
35150,50,1400,"sd","13:52:49",1057700
35150,50,4400,"sd","13:52:54",1062100
35150,50,7800,"sd","13:53:00",1069900
35150,50,100,"bu","13:54:02",1070000
35150,50,400,"sd","13:55:20",1070400
35150,50,2000,"bu","13:56:17",1072400
35150,50,800,"sd","13:56:19",1073200
35200,100,13400,"bu","13:56:31",1086600
35200,100,1500,"sd","13:56:44",1088100
35200,100,9500,"bu","13:57:00",1097600
35200,100,500,"sd","13:57:06",1098100
35200,100,400,"sd","13:57:29",1098500
35200,100,2100,"bu","13:57:45",1100600
35150,50,500,"bu","13:57:47",1101100
35150,50,200,"bu","13:58:15",1101300
35150,50,300,"sd","13:58:23",1101600
35200,100,600,"sd","13:58:25",1102200
35150,50,11100,"sd","14:00:08",1113300
35150,50,4000,"sd","14:00:16",1117300
35150,50,200,"bu","14:00:20",1117500
35200,100,5300,"bu","14:00:26",1122800
35200,100,400,"bu","14:01:03",1123200
35200,100,1000,"sd","14:01:37",1124200
35200,100,4300,"bu","14:01:43",1128500
35200,100,1200,"bu","14:01:44",1129700
35200,100,400,"sd","14:01:51",1130100
35200,100,300,"sd","14:01:58",1130400
35200,100,300,"bu","14:02:25",1130700
35200,100,500,"bu","14:02:53",1131200
35200,100,200,"bu","14:04:36",1131400
35200,100,1400,"bu","14:06:04",1132800
35200,100,400,"bu","14:06:10",1133200
35200,100,100,"sd","14:06:14",1133300
35150,50,1500,"bu","14:07:07",1134800
35200,100,5600,"sd","14:07:39",1140400
35200,100,4600,"sd","14:07:49",1145000
35200,100,100,"bu","14:07:59",1145100
35200,100,200,"sd","14:08:04",1145300
35200,100,3000,"sd","14:08:26",1148300
35200,100,100,"sd","14:09:43",1148400
35200,100,300,"sd","14:10:06",1148700
35200,100,700,"bu","14:10:08",1149400
35200,100,2200,"bu","14:10:17",1151600
35200,100,3800,"bu","14:10:22",1155400
35200,100,5500,"sd","14:10:45",1160900
35200,100,1600,"sd","14:10:49",1162500
35200,100,400,"sd","14:10:56",1162900
35200,100,100,"bu","14:11:00",1163000
35150,50,20100,"sd","14:11:29",1183100
35200,100,600,"sd","14:12:01",1183700
35200,100,200,"bu","14:12:15",1183900
35200,100,2100,"bu","14:13:15",1186000
35150,50,200,"bu","14:13:47",1186200
35200,100,5000,"bu","14:14:33",1191200
35200,100,100,"bu","14:14:39",1191300
35200,100,500,"bu","14:14:50",1191800
35200,100,300,"sd","14:15:20",1192100
35200,100,20000,"bu","14:15:31",1212100
35200,100,1000,"sd","14:15:56",1213100
35200,100,3900,"bu","14:16:02",1217000
35200,100,200,"bu","14:16:13",1217200
35200,100,2900,"sd","14:16:22",1220100
35200,100,500,"bu","14:16:32",1220600
35200,100,17600,"sd","14:16:54",1238200
35200,100,3400,"bu","14:17:54",1241600
35200,100,15500,"sd","14:18:49",1257100
35200,100,1200,"bu","14:19:05",1258300
35200,100,16000,"bu","14:19:25",1274300
35200,100,400,"bu","14:19:46",1274700
35200,100,2000,"bu","14:20:31",1276700
35200,100,200,"bu","14:21:09",1276900
35200,100,400,"sd","14:21:11",1277300
35200,100,1400,"bu","14:21:15",1278700
35200,100,4400,"sd","14:21:20",1283100
35200,100,10000,"bu","14:21:24",1293100
35200,100,200,"sd","14:21:40",1293300
35200,100,400,"bu","14:21:43",1293700
35200,100,1400,"bu","14:21:45",1295100
35200,100,4400,"sd","14:21:50",1299500
35200,100,7800,"sd","14:21:53",1307300
35200,100,100,"bu","14:22:09",1307400
35250,150,2900,"bu","14:22:34",1310300
35200,100,1300,"bu","14:22:48",1311600
35200,100,1700,"sd","14:22:51",1313300
35200,100,3000,"sd","14:23:11",1316300
35200,100,3000,"sd","14:23:23",1319300
35200,100,1400,"bu","14:23:54",1320700
35200,100,500,"bu","14:24:47",1321200
35200,100,2000,"sd","14:25:10",1323200
35200,100,15000,"sd","14:25:28",1338200
35200,100,500,"bu","14:25:34",1338700
35200,100,300,"sd","14:25:54",1339000
35200,100,13600,"bu","14:26:06",1352600
35150,50,300,"bu","14:26:37",1352900
35150,50,700,"sd","14:26:40",1353600
35150,50,700,"sd","14:26:42",1354300
35150,50,1500,"bu","14:26:45",1355800
35150,50,3800,"sd","14:26:47",1359600
35150,50,100,"sd","14:27:15",1359700
35150,50,400,"sd","14:27:18",1360100
35200,100,200,"bu","14:27:32",1360300
35200,100,500,"bu","14:27:37",1360800
35200,100,13000,"bu","14:27:44",1373800
35250,150,200,"sd","14:27:53",1374000
35200,100,300,"bu","14:29:16",1374300
35250,150,3800,"bu","14:29:29",1378100
35250,150,2000,"sd","14:29:57",1380100
35200,100,27700,"sd","14:45:16",1407800
