"price","change","match_qtty","side","time","total_vol"
29,0.4,367300,"","14:45:00",8765200
28.95,0.35,200,"sd","14:29:53",8397900
28.95,0.35,100,"sd","14:29:39",8397700
29,0.4,200,"bu","14:29:31",8397600
29,0.4,100,"bu","14:29:28",8397400
29,0.4,100,"bu","14:29:26",8397300
29,0.4,100,"bu","14:29:24",8397200
29,0.4,100,"bu","14:29:21",8397100
28.95,0.35,4700,"bu","14:29:21",8397000
28.95,0.35,100,"bu","14:29:19",8392300
28.95,0.35,100,"bu","14:29:17",8392200
29,0.4,100,"bu","14:29:15",8392100
29,0.4,100,"bu","14:29:13",8392000
29,0.4,100,"bu","14:29:11",8391900
29,0.4,100,"bu","14:29:08",8391800
29,0.4,100,"bu","14:29:06",8391700
29,0.4,100,"bu","14:29:04",8391600
29,0.4,100,"bu","14:29:02",8391500
29,0.4,100,"bu","14:29:00",8391400
28.95,0.35,100,"bu","14:28:58",8391300
29,0.4,200,"bu","14:28:55",8391200
29,0.4,100,"bu","14:28:53",8391000
29,0.4,100,"bu","14:28:51",8390900
29,0.4,100,"bu","14:28:49",8390800
28.9,0.3,26200,"sd","14:28:49",8390700
28.9,0.3,17800,"sd","14:28:48",8364500
28.95,0.35,6000,"sd","14:28:48",8346700
29,0.4,100,"bu","14:28:47",8340700
29,0.4,100,"bu","14:28:46",8340600
29,0.4,300,"bu","14:28:45",8340500
29,0.4,100,"bu","14:28:42",8340200
29,0.4,100,"bu","14:28:40",8340100
29,0.4,100,"bu","14:28:39",8340000
29,0.4,200,"bu","14:28:38",8339900
29,0.4,100,"bu","14:28:36",8339700
29,0.4,1100,"bu","14:28:35",8339600
29,0.4,100,"bu","14:28:34",8338500
29,0.4,100,"bu","14:28:32",8338400
29,0.4,100,"bu","14:28:29",8338300
29,0.4,100,"bu","14:28:27",8338200
29,0.4,100,"bu","14:28:25",8338100
29,0.4,100,"bu","14:28:23",8338000
29,0.4,200,"bu","14:28:21",8337900
29,0.4,100,"bu","14:28:19",8337700
29,0.4,100,"bu","14:28:17",8337600
29,0.4,100,"bu","14:28:14",8337500
29,0.4,100,"bu","14:28:12",8337400
29,0.4,100,"bu","14:28:10",8337300
29,0.4,100,"bu","14:28:08",8337200
28.9,0.3,7900,"sd","14:28:08",8337100
28.95,0.35,2100,"sd","14:28:08",8329200
29,0.4,100,"bu","14:28:06",8327100
29,0.4,1000,"bu","14:28:05",8327000
29,0.4,200,"bu","14:28:04",8326000
29,0.4,100,"bu","14:28:01",8325800
29,0.4,100,"bu","14:27:59",8325700
29,0.4,100,"bu","14:27:57",8325600
29,0.4,100,"bu","14:27:56",8325500
29,0.4,200,"bu","14:27:53",8325400
29,0.4,100,"bu","14:27:51",8325200
29,0.4,100,"bu","14:27:48",8325100
29,0.4,200,"bu","14:27:46",8325000
29,0.4,100,"bu","14:27:44",8324800
29,0.4,4000,"bu","14:27:42",8324700
28.95,0.35,23000,"bu","14:27:41",8320700
28.95,0.35,27000,"sd","14:27:40",8297700
29,0.4,1300,"bu","14:27:39",8270700
29,0.4,100,"bu","14:27:38",8269400
29,0.4,100,"bu","14:27:35",8269300
29,0.4,1000,"bu","14:27:35",8269200
29,0.4,100,"bu","14:27:33",8268200
29,0.4,100,"bu","14:27:31",8268100
29,0.4,200,"bu","14:27:29",8268000
29,0.4,100,"bu","14:27:27",8267800
29,0.4,100,"bu","14:27:25",8267700
29,0.4,100,"bu","14:27:23",8267600
29,0.4,3900,"bu","14:27:22",8267500
29,0.4,100,"bu","14:27:20",8263600
29,0.4,100,"bu","14:27:18",8263500
29,0.4,1300,"bu","14:27:17",8263400
29,0.4,100,"bu","14:27:16",8262100
29,0.4,100,"bu","14:27:14",8262000
28.95,0.35,2000,"sd","14:27:14",8261900
28.95,0.35,6100,"bu","14:27:13",8259900
28.95,0.35,200,"bu","14:27:12",8253800
28.95,0.35,100,"bu","14:27:10",8253600
28.95,0.35,100,"bu","14:27:07",8253500
28.95,0.35,100,"bu","14:27:06",8253400
28.95,0.35,1000,"bu","14:27:05",8253300
28.95,0.35,100,"bu","14:27:03",8252300
28.95,0.35,2800,"bu","14:27:01",8252200
28.95,0.35,100,"bu","14:27:00",8249400
28.95,0.35,100,"bu","14:26:57",8249300
28.95,0.35,200,"bu","14:26:54",8249200
28.95,0.35,100,"bu","14:26:52",8249000
28.95,0.35,100,"bu","14:26:50",8248900
28.95,0.35,10100,"bu","14:26:48",8248800
28.95,0.35,100,"bu","14:26:46",8238700
28.95,0.35,100,"bu","14:26:44",8238600
28.95,0.35,100,"bu","14:26:41",8238500
28.95,0.35,100,"bu","14:26:39",8238400
28.95,0.35,200,"bu","14:26:37",8238300
28.9,0.3,1000,"sd","14:26:37",8238100
28.95,0.35,100,"bu","14:26:35",8237100
28.95,0.35,100,"bu","14:26:33",8237000
28.95,0.35,1100,"bu","14:26:31",8236900
28.95,0.35,100,"bu","14:26:28",8235800
28.95,0.35,100,"bu","14:26:26",8235700
28.95,0.35,100,"bu","14:26:24",8235600
28.95,0.35,100,"bu","14:26:22",8235500
28.95,0.35,2600,"bu","14:26:21",8235400
28.95,0.35,200,"bu","14:26:20",8232800
28.9,0.3,4000,"sd","14:26:19",8232600
28.95,0.35,100,"bu","14:26:18",8228600
28.95,0.35,11600,"bu","14:26:16",8228500
28.95,0.35,100,"bu","14:26:13",8216900
28.95,0.35,100,"bu","14:26:11",8216800
28.95,0.35,100,"bu","14:26:09",8216700
28.95,0.35,100,"bu","14:26:07",8216600
28.95,0.35,100,"bu","14:26:06",8216500
28.95,0.35,200,"bu","14:26:03",8216400
28.95,0.35,1000,"bu","14:26:01",8216200
28.95,0.35,100,"bu","14:26:00",8215200
28.95,0.35,100,"bu","14:25:58",8215100
28.95,0.35,100,"bu","14:25:56",8215000
28.95,0.35,100,"bu","14:25:54",8214900
28.95,0.35,100,"bu","14:25:52",8214800
28.95,0.35,100,"bu","14:25:50",8214700
28.95,0.35,100,"bu","14:25:47",8214600
28.95,0.35,200,"bu","14:25:45",8214500
28.9,0.3,25000,"sd","14:25:44",8214300
28.95,0.35,100,"bu","14:25:41",8189200
28.95,0.35,2600,"bu","14:25:40",8189100
28.95,0.35,100,"bu","14:25:39",8186500
28.95,0.35,100,"bu","14:25:37",8186400
28.95,0.35,100,"bu","14:25:34",8186300
28.95,0.35,100,"bu","14:25:32",8186200
28.95,0.35,1000,"bu","14:25:31",8186100
28.95,0.35,100,"bu","14:25:30",8185100
28.9,0.3,19900,"bu","14:25:28",8185000
28.9,0.3,100,"bu","14:25:26",8165100
28.9,0.3,500,"bu","14:25:25",8165000
28.9,0.3,100,"bu","14:25:24",8164500
28.9,0.3,100,"bu","14:25:22",8164400
28.9,0.3,7000,"bu","14:25:20",8164300
28.9,0.3,100,"bu","14:25:19",8157300
28.9,0.3,100,"bu","14:25:17",8157200
28.9,0.3,2000,"bu","14:25:16",8157100
28.9,0.3,100,"sd","14:25:15",8155100
28.95,0.35,100,"bu","14:25:15",8155000
28.95,0.35,100,"bu","14:25:13",8154900
28.95,0.35,200,"bu","14:25:11",8154800
28.95,0.35,100,"bu","14:25:09",8154600
28.95,0.35,100,"bu","14:25:06",8154500
28.95,0.35,100,"bu","14:25:04",8154400
28.95,0.35,100,"bu","14:25:02",8154300
28.95,0.35,500,"bu","14:25:01",8154200
28.9,0.3,500,"bu","14:25:01",8153700
28.9,0.3,2700,"bu","14:25:00",8153200
28.9,0.3,100,"bu","14:24:58",8150500
28.9,0.3,100,"bu","14:24:57",8150400
28.9,0.3,4000,"bu","14:24:56",8150300
28.9,0.3,1300,"bu","14:24:54",8146300
28.9,0.3,200,"bu","14:24:53",8145000
28.9,0.3,100,"bu","14:24:51",8144800
28.9,0.3,100,"bu","14:24:49",8144700
28.9,0.3,100,"bu","14:24:47",8144600
28.9,0.3,3800,"sd","14:24:47",8144500
28.9,0.3,31600,"sd","14:24:46",8140700
28.95,0.35,5400,"sd","14:24:46",8109100
29,0.4,4000,"bu","14:24:46",8103700
29,0.4,100,"bu","14:24:43",8099700
29,0.4,100,"bu","14:24:40",8099600
29,0.4,1000,"bu","14:24:39",8099500
29,0.4,100,"bu","14:24:38",8098500
29,0.4,200,"bu","14:24:36",8098400
29,0.4,3900,"bu","14:24:35",8098200
29,0.4,100,"bu","14:24:34",8094300
29,0.4,100,"bu","14:24:32",8094200
29,0.4,1000,"bu","14:24:31",8094100
29,0.4,100,"bu","14:24:30",8093100
29,0.4,100,"bu","14:24:27",8093000
29,0.4,100,"bu","14:24:25",8092900
29,0.4,100,"bu","14:24:23",8092800
29,0.4,100,"bu","14:24:21",8092700
28.95,0.35,200,"sd","14:24:20",8092600
29,0.4,2700,"bu","14:24:19",8092400
29,0.4,200,"bu","14:24:19",8089700
29,0.4,2000,"bu","14:24:18",8089500
29,0.4,100,"bu","14:24:17",8087500
29,0.4,100,"bu","14:24:15",8087400
29,0.4,1000,"bu","14:24:14",8087300
29,0.4,100,"bu","14:24:12",8086300
29,0.4,100,"bu","14:24:10",8086200
29,0.4,100,"bu","14:24:08",8086100
29,0.4,100,"bu","14:24:06",8086000
29,0.4,100,"bu","14:24:04",8085900
29,0.4,200,"bu","14:24:02",8085800
28.95,0.35,8000,"sd","14:24:02",8085600
29,0.4,1000,"bu","14:24:01",8077600
29,0.4,100,"bu","14:23:59",8076600
29,0.4,100,"bu","14:23:57",8076500
29,0.4,100,"bu","14:23:55",8076400
29,0.4,100,"bu","14:23:53",8076300
29,0.4,100,"bu","14:23:51",8076200
29,0.4,100,"bu","14:23:49",8076100
29,0.4,3000,"bu","14:23:48",8076000
29,0.4,100,"bu","14:23:46",8073000
29,0.4,200,"bu","14:23:44",8072900
29,0.4,100,"bu","14:23:42",8072700
29,0.4,100,"bu","14:23:40",8072600
29,0.4,2600,"bu","14:23:39",8072500
29,0.4,100,"bu","14:23:39",8069900
29,0.4,100,"bu","14:23:36",8069800
29,0.4,100,"bu","14:23:33",8069700
29,0.4,1100,"bu","14:23:31",8069600
29,0.4,100,"bu","14:23:29",8068500
29,0.4,200,"bu","14:23:28",8068400
28.95,0.35,11000,"bu","14:23:27",8068200
28.95,0.35,100,"bu","14:23:25",8057200
28.95,0.35,100,"bu","14:23:23",8057100
28.95,0.35,100,"bu","14:23:21",8057000
28.95,0.35,700,"bu","14:23:18",8056900
28.95,0.35,100,"bu","14:23:16",8056200
28.95,0.35,100,"bu","14:23:14",8056100
28.95,0.35,100,"bu","14:23:12",8056000
28.95,0.35,200,"bu","14:23:10",8055900
28.95,0.35,100,"bu","14:23:08",8055700
28.95,0.35,100,"bu","14:23:05",8055600
28.95,0.35,100,"bu","14:23:03",8055500
28.95,0.35,1100,"bu","14:23:01",8055400
28.9,0.3,1000,"sd","14:23:00",8054300
28.95,0.35,100,"bu","14:22:59",8053300
28.9,0.3,1500,"bu","14:22:58",8053200
28.9,0.3,100,"bu","14:22:57",8051700
28.9,0.3,100,"bu","14:22:55",8051600
28.9,0.3,1000,"bu","14:22:54",8051500
28.9,0.3,200,"bu","14:22:52",8050500
28.9,0.3,100,"bu","14:22:50",8050300
28.9,0.3,500,"bu","14:22:50",8050200
28.9,0.3,100,"bu","14:22:48",8049700
28.9,0.3,10000,"bu","14:22:48",8049600
28.9,0.3,100,"bu","14:22:46",8039600
28.9,0.3,100,"bu","14:22:44",8039500
28.9,0.3,100,"bu","14:22:43",8039400
28.9,0.3,100,"bu","14:22:39",8039300
28.9,0.3,100,"bu","14:22:39",8039200
28.9,0.3,100,"bu","14:22:37",8039100
28.9,0.3,200,"bu","14:22:35",8039000
28.9,0.3,100,"bu","14:22:33",8038800
28.9,0.3,100,"bu","14:22:31",8038700
28.9,0.3,1000,"bu","14:22:30",8038600
28.9,0.3,100,"bu","14:22:29",8037600
28.9,0.3,100,"bu","14:22:26",8037500
28.9,0.3,9200,"sd","14:22:25",8037400
28.95,0.35,100,"bu","14:22:24",8028200
28.95,0.35,600,"bu","14:22:23",8028100
28.95,0.35,100,"bu","14:22:22",8027500
28.95,0.35,5000,"bu","14:22:21",8027400
28.95,0.35,100,"bu","14:22:20",8022400
28.95,0.35,2800,"bu","14:22:18",8022300
28.95,0.35,100,"bu","14:22:16",8019500
28.95,0.35,20000,"bu","14:22:15",8019400
28.95,0.35,100,"bu","14:22:14",7999400
28.95,0.35,1400,"bu","14:22:11",7999300
28.95,0.35,100,"bu","14:22:09",7997900
28.95,0.35,100,"bu","14:22:07",7997800
28.95,0.35,100,"bu","14:22:05",7997700
28.95,0.35,100,"bu","14:22:03",7997600
28.95,0.35,200,"bu","14:22:01",7997500
28.95,0.35,1000,"bu","14:22:00",7997300
28.95,0.35,10000,"bu","14:21:59",7996300
28.95,0.35,100,"bu","14:21:58",7986300
28.95,0.35,100,"bu","14:21:56",7986200
28.95,0.35,100,"bu","14:21:54",7986100
28.95,0.35,1400,"bu","14:21:52",7986000
28.95,0.35,100,"bu","14:21:50",7984600
28.95,0.35,100,"bu","14:21:48",7984500
28.95,0.35,100,"bu","14:21:45",7984400
28.95,0.35,200,"bu","14:21:43",7984300
28.95,0.35,100,"bu","14:21:41",7984100
28.95,0.35,4000,"bu","14:21:39",7984000
28.9,0.3,25000,"sd","14:21:39",7980000
28.95,0.35,2700,"bu","14:21:37",7955000
28.95,0.35,100,"bu","14:21:35",7952300
28.95,0.35,100,"bu","14:21:32",7952200
28.95,0.35,2600,"bu","14:21:31",7952100
28.95,0.35,100,"bu","14:21:30",7949500
28.95,0.35,1000,"bu","14:21:30",7949400
28.95,0.35,100,"bu","14:21:28",7948400
28.95,0.35,4100,"bu","14:21:27",7948300
28.95,0.35,100,"bu","14:21:24",7944200
28.95,0.35,1000,"bu","14:21:24",7944100
28.95,0.35,10000,"bu","14:21:23",7943100
28.9,0.3,5000,"sd","14:21:23",7933100
28.95,0.35,100,"bu","14:21:22",7928100
28.95,0.35,100,"bu","14:21:20",7928000
28.95,0.35,100,"bu","14:21:17",7927900
28.95,0.35,4000,"bu","14:21:15",7927800
28.95,0.35,100,"bu","14:21:13",7923800
28.9,0.3,10000,"sd","14:21:13",7923700
28.95,0.35,400,"bu","14:21:11",7913700
28.95,0.35,200,"bu","14:21:09",7913300
28.95,0.35,100,"bu","14:21:07",7913100
28.95,0.35,5000,"bu","14:21:06",7913000
28.9,0.3,18600,"sd","14:21:05",7908000
28.95,0.35,100,"bu","14:21:04",7889400
28.95,0.35,100,"bu","14:21:03",7889300
28.95,0.35,3900,"bu","14:21:02",7889200
28.95,0.35,1100,"bu","14:21:00",7885300
28.95,0.35,1100,"bu","14:20:58",7884200
28.95,0.35,2700,"bu","14:20:57",7883100
28.95,0.35,100,"bu","14:20:56",7880400
28.9,0.3,8000,"sd","14:20:56",7880300
28.95,0.35,4000,"bu","14:20:54",7872300
28.95,0.35,100,"bu","14:20:51",7868300
28.95,0.35,200,"bu","14:20:49",7868200
28.95,0.35,100,"bu","14:20:47",7868000
28.95,0.35,100,"bu","14:20:46",7867900
28.95,0.35,100,"bu","14:20:45",7867800
28.9,0.3,10000,"sd","14:20:44",7867700
28.95,0.35,100,"bu","14:20:43",7857700
28.9,0.3,11700,"sd","14:20:42",7857600
28.9,0.3,13300,"sd","14:20:41",7845900
28.95,0.35,100,"bu","14:20:41",7832600
28.95,0.35,100,"bu","14:20:38",7832500
28.95,0.35,100,"bu","14:20:36",7832400
28.95,0.35,100,"bu","14:20:34",7832300
28.95,0.35,200,"bu","14:20:32",7832200
28.95,0.35,1100,"bu","14:20:30",7832000
28.95,0.35,100,"bu","14:20:28",7830900
28.95,0.35,100,"bu","14:20:25",7830800
28.95,0.35,100,"bu","14:20:23",7830700
28.95,0.35,100,"bu","14:20:21",7830600
28.95,0.35,100,"bu","14:20:19",7830500
28.95,0.35,100,"bu","14:20:17",7830400
28.95,0.35,200,"bu","14:20:15",7830300
28.95,0.35,100,"bu","14:20:13",7830100
28.95,0.35,100,"bu","14:20:10",7830000
28.95,0.35,100,"bu","14:20:09",7829900
28.95,0.35,100,"bu","14:20:06",7829800
28.95,0.35,100,"bu","14:20:04",7829700
28.95,0.35,100,"bu","14:20:02",7829600
28.95,0.35,100,"bu","14:20:00",7829500
28.95,0.35,1000,"bu","14:20:00",7829400
28.95,0.35,200,"bu","14:19:57",7828400
28.95,0.35,100,"bu","14:19:55",7828200
28.95,0.35,7800,"sd","14:19:54",7828100
29,0.4,100,"bu","14:19:53",7820300
29,0.4,100,"bu","14:19:51",7820200
29,0.4,100,"bu","14:19:49",7820100
29,0.4,100,"bu","14:19:47",7820000
29,0.4,100,"bu","14:19:44",7819900
29,0.4,100,"bu","14:19:42",7819800
29,0.4,200,"bu","14:19:40",7819700
29,0.4,100,"bu","14:19:38",7819500
29,0.4,100,"bu","14:19:36",7819400
29,0.4,100,"bu","14:19:34",7819300
29,0.4,100,"bu","14:19:31",7819200
29,0.4,1000,"bu","14:19:30",7819100
29,0.4,100,"bu","14:19:29",7818100
29,0.4,100,"bu","14:19:27",7818000
29,0.4,100,"bu","14:19:25",7817900
29,0.4,200,"bu","14:19:23",7817800
29,0.4,3100,"bu","14:19:21",7817600
29,0.4,100,"bu","14:19:19",7814500
29,0.4,100,"bu","14:19:16",7814400
29,0.4,100,"bu","14:19:14",7814300
29,0.4,100,"bu","14:19:12",7814200
29,0.4,100,"bu","14:19:11",7814100
29,0.4,100,"bu","14:19:08",7814000
29,0.4,200,"bu","14:19:06",7813900
29,0.4,100,"bu","14:19:03",7813700
29,0.4,100,"bu","14:19:01",7813600
29,0.4,1100,"bu","14:19:00",7813500
29,0.4,100,"bu","14:18:57",7812400
29,0.4,100,"bu","14:18:55",7812300
29,0.4,200,"bu","14:18:53",7812200
28.95,0.35,100,"sd","14:18:53",7812000
29,0.4,100,"bu","14:18:50",7811900
29,0.4,200,"bu","14:18:48",7811800
29,0.4,100,"bu","14:18:46",7811600
29,0.4,100,"bu","14:18:44",7811500
29,0.4,100,"bu","14:18:42",7811400
29,0.4,100,"bu","14:18:40",7811300
29,0.4,30000,"bu","14:18:39",7811200
29,0.4,100,"bu","14:18:37",7781200
29,0.4,100,"bu","14:18:35",7781100
29,0.4,100,"bu","14:18:33",7781000
29,0.4,200,"bu","14:18:31",7780900
29,0.4,1100,"bu","14:18:29",7780700
28.95,0.35,50000,"sd","14:18:28",7779600
29,0.4,2100,"bu","14:18:27",7729600
29,0.4,700,"bu","14:18:24",7727500
29,0.4,100,"bu","14:18:22",7726800
29,0.4,100,"bu","14:18:20",7726700
29,0.4,100,"bu","14:18:18",7726600
29,0.4,700,"bu","14:18:16",7726500
29,0.4,200,"bu","14:18:14",7725800
29,0.4,100,"bu","14:18:12",7725600
29,0.4,100,"bu","14:18:11",7725500
29,0.4,100,"bu","14:18:09",7725400
29,0.4,100,"bu","14:18:07",7725300
29,0.4,600,"bu","14:18:06",7725200
29,0.4,100,"bu","14:18:05",7724600
29,0.4,3100,"bu","14:18:03",7724500
29,0.4,100,"bu","14:18:01",7721400
29,0.4,200,"bu","14:18:00",7721300
29,0.4,1100,"bu","14:17:59",7721100
29,0.4,200,"bu","14:17:57",7720000
29,0.4,100,"bu","14:17:54",7719800
29,0.4,100,"bu","14:17:52",7719700
29,0.4,5900,"sd","14:17:52",7719600
29.05,0.45,100,"bu","14:17:50",7713700
29,0.4,100,"sd","14:17:50",7713600
29,0.4,6000,"sd","14:17:49",7713500
29.05,0.45,100,"bu","14:17:48",7707500
29.05,0.45,700,"bu","14:17:46",7707400
29,0.4,100,"sd","14:17:45",7706700
29.05,0.45,100,"bu","14:17:43",7706600
29.05,0.45,100,"bu","14:17:41",7706500
29.05,0.45,200,"bu","14:17:39",7706400
29.05,0.45,600,"bu","14:17:38",7706200
29.05,0.45,100,"bu","14:17:37",7705600
29.05,0.45,100,"bu","14:17:35",7705500
29,0.4,10400,"sd","14:17:34",7705400
29.05,0.45,100,"bu","14:17:33",7695000
29,0.4,500,"sd","14:17:32",7694900
29.05,0.45,100,"bu","14:17:30",7694400
29.05,0.45,1000,"bu","14:17:29",7694300
29.05,0.45,700,"bu","14:17:28",7693300
29.05,0.45,100,"bu","14:17:26",7692600
29.05,0.45,100,"bu","14:17:24",7692500
29.05,0.45,200,"bu","14:17:22",7692400
29.05,0.45,100,"bu","14:17:20",7692200
29.05,0.45,600,"bu","14:17:19",7692100
29.05,0.45,100,"bu","14:17:18",7691500
29.05,0.45,100,"bu","14:17:17",7691400
29,0.4,50000,"sd","14:17:14",7691300
29.05,0.45,100,"bu","14:17:13",7641300
29,0.4,25000,"sd","14:17:13",7641200
29.05,0.45,100,"bu","14:17:11",7616200
29.05,0.45,600,"bu","14:17:10",7616100
29.05,0.45,100,"bu","14:17:09",7615500
29.05,0.45,100,"bu","14:17:07",7615400
29.05,0.45,200,"bu","14:17:05",7615300
29.05,0.45,100,"bu","14:17:02",7615100
29.05,0.45,700,"bu","14:17:01",7615000
29.05,0.45,100,"bu","14:17:00",7614300
29.05,0.45,1000,"bu","14:16:59",7614200
29.05,0.45,100,"bu","14:16:58",7613200
29,0.4,1000,"sd","14:16:56",7613100
29.05,0.45,100,"bu","14:16:56",7612100
29.05,0.45,100,"bu","14:16:54",7612000
29.05,0.45,600,"bu","14:16:53",7611900
29.05,0.45,100,"bu","14:16:52",7611300
29.05,0.45,100,"bu","14:16:49",7611200
29.05,0.45,200,"bu","14:16:47",7611100
29.05,0.45,100,"bu","14:16:45",7610900
29.05,0.45,800,"bu","14:16:43",7610800
29.05,0.45,100,"bu","14:16:41",7610000
29.05,0.45,100,"bu","14:16:39",7609900
29.05,0.45,100,"bu","14:16:36",7609800
29.05,0.45,700,"bu","14:16:34",7609700
29.05,0.45,100,"bu","14:16:32",7609000
29.05,0.45,200,"bu","14:16:30",7608900
29.05,0.45,1000,"bu","14:16:29",7608700
29.05,0.45,100,"bu","14:16:28",7607700
29.05,0.45,700,"bu","14:16:26",7607600
29.05,0.45,100,"bu","14:16:23",7606900
29.05,0.45,100,"bu","14:16:21",7606800
29.05,0.45,100,"bu","14:16:19",7606700
29.05,0.45,100,"bu","14:16:17",7606600
29.05,0.45,600,"bu","14:16:16",7606500
29.05,0.45,100,"bu","14:16:15",7605900
29.05,0.45,200,"bu","14:16:13",7605800
29.05,0.45,100,"bu","14:16:11",7605600
29,0.4,100,"sd","14:16:09",7605500
29.05,0.45,100,"bu","14:16:08",7605400
29.05,0.45,600,"bu","14:16:07",7605300
29.05,0.45,100,"bu","14:16:06",7604700
29.05,0.45,100,"bu","14:16:04",7604600
29.05,0.45,100,"bu","14:16:02",7604500
29.05,0.45,100,"bu","14:16:00",7604400
29,0.4,400,"sd","14:16:00",7604300
29.05,0.45,1700,"bu","14:15:58",7603900
29.05,0.45,200,"bu","14:15:55",7602200
29.05,0.45,100,"bu","14:15:53",7602000
29.05,0.45,100,"bu","14:15:51",7601900
29.05,0.45,700,"bu","14:15:49",7601800
29.05,0.45,400,"bu","14:15:48",7601100
29.05,0.45,100,"bu","14:15:47",7600700
29.05,0.45,100,"bu","14:15:45",7600600
29.05,0.45,100,"bu","14:15:42",7600500
29.05,0.45,700,"bu","14:15:40",7600400
29.05,0.45,200,"bu","14:15:38",7599700
29.05,0.45,100,"bu","14:15:36",7599500
29.05,0.45,100,"bu","14:15:34",7599400
29,0.4,500,"sd","14:15:33",7599300
29.05,0.45,100,"bu","14:15:32",7598800
29.05,0.45,600,"bu","14:15:31",7598700
29,0.4,4000,"sd","14:15:30",7598100
29.05,0.45,100,"bu","14:15:29",7594100
29.05,0.45,1000,"bu","14:15:28",7594000
29.05,0.45,100,"bu","14:15:27",7593000
29.05,0.45,100,"bu","14:15:25",7592900
29.05,0.45,100,"bu","14:15:23",7592800
29.05,0.45,700,"bu","14:15:22",7592700
29.05,0.45,200,"bu","14:15:21",7592000
29.05,0.45,100,"bu","14:15:19",7591800
29.05,0.45,100,"bu","14:15:17",7591700
29.05,0.45,100,"bu","14:15:14",7591600
29.05,0.45,600,"bu","14:15:13",7591500
29.05,0.45,100,"bu","14:15:12",7590900
29.05,0.45,100,"bu","14:15:10",7590800
29.05,0.45,100,"bu","14:15:08",7590700
29.05,0.45,100,"bu","14:15:06",7590600
29,0.4,1300,"sd","14:15:05",7590500
29.05,0.45,800,"bu","14:15:04",7589200
29.05,0.45,100,"bu","14:15:01",7588400
29.05,0.45,100,"bu","14:14:59",7588300
29.05,0.45,1000,"bu","14:14:58",7588200
29.05,0.45,100,"bu","14:14:57",7587200
29.05,0.45,800,"bu","14:14:55",7587100
29.05,0.45,100,"bu","14:14:53",7586300
29.05,0.45,100,"bu","14:14:51",7586200
29.05,0.45,100,"bu","14:14:48",7586100
29.05,0.45,800,"bu","14:14:46",7586000
29.05,0.45,100,"bu","14:14:44",7585200
29.05,0.45,100,"bu","14:14:42",7585100
29.05,0.45,100,"bu","14:14:40",7585000
29.05,0.45,100,"bu","14:14:38",7584900
29.05,0.45,600,"bu","14:14:37",7584800
29.05,0.45,100,"bu","14:14:35",7584200
29.05,0.45,100,"bu","14:14:33",7584100
29.05,0.45,100,"bu","14:14:31",7584000
29.05,0.45,200,"bu","14:14:29",7583900
29.05,0.45,1700,"bu","14:14:28",7583700
29.05,0.45,100,"bu","14:14:27",7582000
29.05,0.45,100,"bu","14:14:25",7581900
29.05,0.45,5100,"bu","14:14:22",7581800
29.05,0.45,100,"bu","14:14:20",7576700
29.05,0.45,700,"bu","14:14:19",7576600
29.05,0.45,100,"bu","14:14:18",7575900
29.05,0.45,100,"bu","14:14:16",7575800
29,0.4,100,"sd","14:14:15",7575700
29.05,0.45,100,"bu","14:14:14",7575600
29.05,0.45,200,"bu","14:14:12",7575500
29.05,0.45,800,"bu","14:14:10",7575300
29.05,0.45,100,"bu","14:14:07",7574500
29.05,0.45,100,"bu","14:14:05",7574400
29.05,0.45,100,"bu","14:14:03",7574300
29.05,0.45,100,"bu","14:14:01",7574200
29.05,0.45,700,"bu","14:14:01",7574100
29.05,0.45,100,"bu","14:13:59",7573400
29.05,0.45,1100,"bu","14:13:57",7573300
29.05,0.45,200,"bu","14:13:54",7572200
29.05,0.45,100,"bu","14:13:52",7572000
29.05,0.45,700,"bu","14:13:52",7571900
29.05,0.45,100,"bu","14:13:50",7571200
29.05,0.45,100,"bu","14:13:48",7571100
29,0.4,100,"sd","14:13:47",7571000
29.05,0.45,100,"bu","14:13:46",7570900
29.05,0.45,100,"bu","14:13:44",7570800
29.05,0.45,600,"bu","14:13:43",7570700
29.05,0.45,100,"bu","14:13:41",7570100
29.05,0.45,100,"bu","14:13:39",7570000
29.05,0.45,200,"bu","14:13:37",7569900
29.05,0.45,100,"bu","14:13:35",7569700
29.05,0.45,700,"bu","14:13:34",7569600
29.05,0.45,200,"bu","14:13:33",7568900
29.05,0.45,100,"bu","14:13:28",7568700
29.05,0.45,1000,"bu","14:13:27",7568600
29.05,0.45,100,"bu","14:13:26",7567600
29.05,0.45,700,"bu","14:13:25",7567500
29.05,0.45,100,"bu","14:13:24",7566800
29.05,0.45,100,"bu","14:13:22",7566700
29,0.4,10000,"sd","14:13:21",7566600
29.05,0.45,200,"bu","14:13:20",7556600
29.05,0.45,100,"bu","14:13:18",7556400
29.05,0.45,800,"bu","14:13:16",7556300
29.05,0.45,100,"bu","14:13:13",7555500
29.05,0.45,100,"bu","14:13:11",7555400
29.05,0.45,100,"bu","14:13:09",7555300
29.05,0.45,100,"bu","14:13:07",7555200
29.05,0.45,100,"bu","14:13:05",7555100
29.05,0.45,200,"bu","14:13:03",7555000
29.05,0.45,100,"bu","14:13:01",7554800
29,0.4,14900,"bu","14:13:00",7554700
29,0.4,100,"bu","14:12:58",7539800
29,0.4,25000,"sd","14:12:58",7539700
29.05,0.45,1000,"bu","14:12:57",7514700
29.05,0.45,800,"bu","14:12:56",7513700
29.05,0.45,100,"bu","14:12:54",7512900
29.05,0.45,200,"bu","14:12:52",7512800
29.05,0.45,800,"bu","14:12:47",7512600
29.05,0.45,200,"bu","14:12:45",7511800
29.05,0.45,100,"bu","14:12:43",7511600
29.05,0.45,100,"bu","14:12:41",7511500
29.05,0.45,100,"bu","14:12:39",7511400
29.05,0.45,700,"bu","14:12:38",7511300
29.05,0.45,100,"bu","14:12:37",7510600
29.05,0.45,100,"bu","14:12:34",7510500
29,0.4,100,"bu","14:12:32",7510400
28.95,0.35,1300,"sd","14:12:32",7510300
29.05,0.45,100,"bu","14:12:30",7509000
29,0.4,700,"bu","14:12:29",7508900
29,0.4,200,"bu","14:12:28",7508200
29,0.4,1000,"bu","14:12:27",7508000
29,0.4,200,"bu","14:12:26",7507000
29,0.4,100,"bu","14:12:25",7506800
29,0.4,100,"bu","14:12:21",7506700
29,0.4,700,"bu","14:12:20",7506600
29,0.4,100,"bu","14:12:19",7505900
29,0.4,100,"bu","14:12:17",7505800
28.95,0.35,1300,"sd","14:12:16",7505700
29,0.4,25100,"bu","14:12:15",7504400
29,0.4,2000,"bu","14:12:12",7479300
29,0.4,700,"bu","14:12:11",7477300
29,0.4,600,"bu","14:12:02",7476600
29,0.4,40400,"bu","14:12:02",7476000
29,0.4,1000,"bu","14:11:57",7376000
29,0.4,700,"bu","14:11:53",7375000
29,0.4,600,"bu","14:11:44",7374300
29,0.4,700,"bu","14:11:35",7373700
28.95,0.35,200,"sd","14:11:34",7373000
29,0.4,1000,"bu","14:11:26",7372800
29,0.4,700,"bu","14:11:26",7371800
29,0.4,2000,"bu","14:11:25",7371100
29,0.4,5000,"bu","14:11:24",7369100
29,0.4,5300,"bu","14:11:23",7364100
29,0.4,700,"bu","14:11:17",7358800
29,0.4,10000,"bu","14:11:10",7358100
29,0.4,700,"bu","14:11:08",7348100
29,0.4,600,"bu","14:10:59",7347400
29,0.4,1000,"bu","14:10:56",7346800
29,0.4,700,"bu","14:10:50",7345800
29,0.4,2000,"bu","14:10:42",7345100
29,0.4,700,"bu","14:10:41",7343100
29,0.4,700,"bu","14:10:31",7342400
29,0.4,1000,"bu","14:10:26",7341700
29,0.4,700,"bu","14:10:23",7340700
29,0.4,700,"bu","14:10:14",7340000
29,0.4,700,"bu","14:10:05",7339300
29,0.4,800,"bu","14:10:00",7338600
29,0.4,2000,"bu","14:09:59",7337800
29,0.4,1000,"bu","14:09:56",7335800
29,0.4,700,"bu","14:09:55",7334800
29,0.4,700,"bu","14:09:47",7334100
29,0.4,700,"bu","14:09:38",7333400
29,0.4,1000,"bu","14:09:34",7332700
28.95,0.35,500,"sd","14:09:32",7331700
29,0.4,700,"bu","14:09:29",7331200
29,0.4,1000,"bu","14:09:26",7330500
28.95,0.35,100,"sd","14:09:24",7329500
29,0.4,700,"bu","14:09:19",7329400
29,0.4,2000,"bu","14:09:15",7328700
29,0.4,700,"bu","14:09:10",7326700
29,0.4,700,"bu","14:09:02",7326000
29,0.4,1000,"bu","14:08:55",7325300
29,0.4,700,"bu","14:08:53",7324300
29,0.4,700,"bu","14:08:44",7323600
29,0.4,700,"bu","14:08:34",7322900
29,0.4,2000,"bu","14:08:32",7322200
29,0.4,1700,"bu","14:08:25",7320200
29,0.4,5300,"bu","14:08:22",7318500
29,0.4,700,"bu","14:08:16",7313200
29,0.4,700,"bu","14:08:07",7312500
29,0.4,500,"bu","14:08:05",7311800
29,0.4,700,"bu","14:07:58",7311300
29,0.4,1000,"bu","14:07:55",7310600
29,0.4,2700,"bu","14:07:49",7309600
29,0.4,700,"bu","14:07:40",7306900
29,0.4,700,"bu","14:07:31",7306200
29,0.4,1500,"bu","14:07:27",7305500
29,0.4,1000,"bu","14:07:25",7304000
29,0.4,700,"bu","14:07:22",7303000
29,0.4,700,"bu","14:07:14",7302300
29,0.4,2000,"bu","14:07:05",7301600
29,0.4,700,"bu","14:07:04",7299600
29,0.4,700,"bu","14:06:55",7298900
29,0.4,1000,"bu","14:06:55",7298200
29,0.4,5000,"bu","14:06:51",7297200
29,0.4,700,"bu","14:06:46",7292200
28.95,0.35,3700,"sd","14:06:44",7291500
29,0.4,700,"bu","14:06:37",7287800
29,0.4,15000,"bu","14:06:35",7287100
29,0.4,8000,"bu","14:06:33",7272100
29,0.4,700,"bu","14:06:28",7264100
29,0.4,28000,"bu","14:06:24",7263400
29,0.4,2000,"bu","14:06:22",7235400
29,0.4,700,"bu","14:06:19",7233400
28.95,0.35,500,"sd","14:06:11",7232700
29,0.4,700,"bu","14:06:10",7232200
29,0.4,1700,"bu","14:06:01",7231500
28.95,0.35,200,"sd","14:05:55",7229800
29,0.4,1000,"bu","14:05:54",7229600
29,0.4,1700,"bu","14:05:52",7228600
29,0.4,1000,"bu","14:05:46",7226900
29,0.4,500,"bu","14:05:45",7225900
29,0.4,100000,"bu","14:05:44",7225400
29,0.4,700,"bu","14:05:43",7125400
29,0.4,2000,"bu","14:05:38",7124700
29,0.4,700,"bu","14:05:34",7122700
29,0.4,700,"bu","14:05:25",7122000
29,0.4,1000,"bu","14:05:24",7121300
29,0.4,5400,"bu","14:05:22",7120300
29,0.4,36000,"bu","14:05:20",7114900
29,0.4,700,"bu","14:05:16",7078900
29,0.4,100,"bu","14:05:11",7078200
29,0.4,700,"bu","14:05:07",7078100
29,0.4,36000,"bu","14:05:01",7077400
29,0.4,2000,"bu","14:05:01",7041400
29,0.4,4400,"bu","14:05:00",7039400
29,0.4,700,"bu","14:04:58",7035000
29,0.4,2000,"bu","14:04:55",7034300
29,0.4,100,"bu","14:04:55",7032300
29,0.4,36900,"bu","14:04:54",7032200
29,0.4,36700,"bu","14:04:49",6995300
29,0.4,36000,"bu","14:04:43",6958600
29,0.4,700,"bu","14:04:40",6922600
28.95,0.35,1300,"sd","14:04:32",6921900
29,0.4,700,"bu","14:04:32",6920600
28.95,0.35,1300,"sd","14:04:29",6919900
29,0.4,1000,"bu","14:04:24",6918600
29,0.4,2000,"bu","14:04:23",6917600
29,0.4,700,"bu","14:04:22",6915600
29,0.4,36000,"bu","14:04:18",6914900
29,0.4,700,"bu","14:04:13",6878900
29,0.4,3000,"bu","14:04:12",6878200
29,0.4,10000,"bu","14:04:05",6875200
29,0.4,700,"bu","14:04:04",6865200
29,0.4,700,"bu","14:03:55",6864500
29,0.4,1000,"bu","14:03:53",6863800
29,0.4,700,"bu","14:03:46",6862800
29,0.4,700,"bu","14:03:36",6862100
29,0.4,2000,"bu","14:03:28",6861400
29,0.4,700,"bu","14:03:28",6859400
29,0.4,1000,"bu","14:03:23",6858700
29,0.4,700,"bu","14:03:19",6857700
29,0.4,2000,"bu","14:03:11",6857000
29,0.4,700,"bu","14:03:10",6855000
29,0.4,700,"bu","14:03:01",6854300
29,0.4,1000,"bu","14:02:53",6853600
29,0.4,700,"bu","14:02:52",6852600
28.95,0.35,1000,"sd","14:02:50",6851900
29,0.4,2000,"bu","14:02:45",6850900
29,0.4,700,"bu","14:02:43",6848900
29,0.4,200,"bu","14:02:42",6848200
29,0.4,700,"bu","14:02:33",6848000
29,0.4,700,"bu","14:02:25",6847300
29,0.4,1000,"bu","14:02:23",6846600
29,0.4,5800,"bu","14:02:22",6845600
29,0.4,1000,"bu","14:02:17",6839800
29,0.4,700,"bu","14:02:16",6838800
29,0.4,800,"bu","14:02:06",6838100
29,0.4,2000,"bu","14:02:01",6837300
29,0.4,800,"bu","14:01:57",6835300
29,0.4,1000,"bu","14:01:53",6834500
29,0.4,700,"bu","14:01:48",6833500
29,0.4,700,"bu","14:01:39",6832800
29,0.4,700,"bu","14:01:31",6832100
28.95,0.35,1800,"sd","14:01:30",6831400
29,0.4,1000,"bu","14:01:22",6829600
29,0.4,800,"bu","14:01:22",6828600
29,0.4,2000,"bu","14:01:18",6827800
29,0.4,800,"bu","14:01:12",6825800
29,0.4,800,"bu","14:01:04",6825000
29,0.4,700,"bu","14:00:54",6824200
29,0.4,1000,"bu","14:00:52",6823500
29,0.4,300,"bu","14:00:46",6822500
29,0.4,800,"bu","14:00:45",6822200
29,0.4,800,"bu","14:00:36",6821400
29,0.4,2000,"bu","14:00:35",6820600
29,0.4,700,"bu","14:00:27",6818600
29,0.4,2300,"bu","14:00:24",6817900
29,0.4,1000,"bu","14:00:22",6815600
29,0.4,800,"bu","14:00:19",6814600
29,0.4,800,"bu","14:00:09",6813800
28.95,0.35,500,"sd","14:00:04",6813000
28.95,0.35,2000,"sd","14:00:00",6812500
28.95,0.35,34400,"bu","13:59:58",6809700
28.95,0.35,4600,"bu","13:59:57",6775300
28.95,0.35,1000,"bu","13:59:54",6770700
28.95,0.35,1000,"bu","13:59:52",6769700
28.95,0.35,2800,"bu","13:59:51",6768700
28.95,0.35,700,"bu","13:59:42",6765900
28.9,0.3,10000,"sd","13:59:41",6765200
28.95,0.35,800,"bu","13:59:33",6755200
28.95,0.35,700,"bu","13:59:24",6754400
28.9,0.3,14000,"sd","13:59:22",6753700
28.95,0.35,5700,"bu","13:59:22",6739700
28.95,0.35,1000,"bu","13:59:21",6734000
28.95,0.35,700,"bu","13:59:15",6733000
28.95,0.35,2000,"bu","13:59:08",6732300
28.95,0.35,1000,"bu","13:59:08",6730300
28.95,0.35,800,"bu","13:59:06",6729300
28.95,0.35,700,"bu","13:58:57",6728500
28.95,0.35,3000,"bu","13:58:54",6727800
28.95,0.35,6000,"bu","13:58:51",6724800
28.95,0.35,800,"bu","13:58:48",6718800
28.95,0.35,500,"bu","13:58:45",6718000
28.95,0.35,4600,"bu","13:58:39",6717500
28.95,0.35,300,"bu","13:58:30",6712900
28.95,0.35,700,"bu","13:58:30",6712600
28.95,0.35,1000,"bu","13:58:27",6711900
28.95,0.35,2000,"bu","13:58:25",6710900
28.95,0.35,3900,"bu","13:58:22",6708900
28.95,0.35,2600,"bu","13:58:22",6705000
28.95,0.35,1800,"bu","13:58:21",6702400
28.95,0.35,800,"bu","13:58:12",6700600
28.9,0.3,500,"sd","13:58:07",6699800
28.95,0.35,1000,"bu","13:58:07",6699300
28.95,0.35,800,"bu","13:58:03",6698300
28.95,0.35,800,"bu","13:57:54",6697500
28.95,0.35,2300,"bu","13:57:51",6696700
28.95,0.35,800,"bu","13:57:45",6694400
28.95,0.35,2000,"bu","13:57:41",6693600
28.95,0.35,3100,"bu","13:57:40",6691600
28.95,0.35,500,"bu","13:57:37",6688500
28.95,0.35,700,"bu","13:57:36",6688000
28.95,0.35,1800,"bu","13:57:27",6687300
28.95,0.35,1000,"bu","13:57:21",6685500
28.95,0.35,800,"bu","13:57:18",6684500
28.95,0.35,800,"bu","13:57:09",6683700
28.95,0.35,700,"bu","13:57:00",6682900
28.95,0.35,2000,"bu","13:56:58",6682200
28.95,0.35,1800,"bu","13:56:51",6680200
28.95,0.35,800,"bu","13:56:42",6678400
28.95,0.35,2500,"bu","13:56:40",6677600
28.95,0.35,800,"bu","13:56:33",6675100
28.95,0.35,800,"bu","13:56:24",6674300
28.95,0.35,1000,"bu","13:56:20",6673500
28.95,0.35,700,"bu","13:56:15",6672500
28.95,0.35,2000,"bu","13:56:14",6671800
28.95,0.35,800,"bu","13:56:06",6669800
28.95,0.35,800,"bu","13:55:57",6669000
28.95,0.35,1000,"bu","13:55:50",6668200
28.95,0.35,700,"bu","13:55:48",6667200
28.95,0.35,400,"sd","13:55:43",6666500
28.95,0.35,300,"bu","13:55:39",6666100
28.95,0.35,1000,"bu","13:55:33",6665800
28.95,0.35,2000,"bu","13:55:32",6664800
28.95,0.35,800,"bu","13:55:30",6662800
28.95,0.35,1000,"bu","13:55:28",6662000
28.95,0.35,36900,"bu","13:55:21",6661000
28.95,0.35,800,"bu","13:55:20",6624100
28.95,0.35,1000,"bu","13:55:20",6623300
28.9,0.3,600,"sd","13:55:13",6622300
28.95,0.35,800,"bu","13:55:12",6621700
28.95,0.35,1000,"bu","13:55:03",6620900
28.95,0.35,800,"bu","13:55:03",6619900
28.95,0.35,200,"bu","13:54:57",6619100
28.95,0.35,800,"bu","13:54:54",6618900
28.95,0.35,1000,"bu","13:54:50",6618100
28.95,0.35,2000,"bu","13:54:48",6617100
28.95,0.35,800,"bu","13:54:44",6615100
28.95,0.35,800,"bu","13:54:36",6614300
28.95,0.35,700,"bu","13:54:26",6613500
28.95,0.35,1000,"bu","13:54:19",6612800
28.95,0.35,7900,"sd","13:54:15",6611800
28.95,0.35,6600,"sd","13:54:15",6603900
28.95,0.35,700,"sd","13:54:07",6597300
29,0.4,700,"bu","13:54:07",6596600
28.95,0.35,200,"sd","13:54:04",6595900
28.95,0.35,5400,"sd","13:53:59",6595700
29,0.4,800,"bu","13:53:58",6590300
28.95,0.35,1000,"sd","13:53:52",6589500
29,0.4,1700,"bu","13:53:49",6588500
28.95,0.35,100,"sd","13:53:45",6586800
28.95,0.35,2000,"sd","13:53:44",6586700
28.95,0.35,100,"sd","13:53:43",6584700
29,0.4,800,"bu","13:53:40",6584600
29,0.4,800,"bu","13:53:31",6583800
28.95,0.35,900,"sd","13:53:23",6583000
28.95,0.35,2600,"sd","13:53:20",6581400
29,0.4,1000,"bu","13:53:19",6578800
28.95,0.35,20000,"sd","13:53:15",6577800
28.95,0.35,1000,"sd","13:53:14",6557800
29,0.4,800,"bu","13:53:13",6556800
29,0.4,800,"bu","13:53:04",6556000
29,0.4,800,"bu","13:52:55",6555200
29,0.4,6000,"bu","13:52:52",6554400
28.95,0.35,20000,"sd","13:52:50",6548400
29,0.4,1000,"bu","13:52:49",6528400
28.95,0.35,4600,"sd","13:52:47",6527400
29,0.4,800,"bu","13:52:46",6522800
29,0.4,2000,"bu","13:52:38",6522000
29,0.4,700,"bu","13:52:38",6520000
29,0.4,800,"bu","13:52:28",6519300
29,0.4,800,"bu","13:52:19",6518500
29,0.4,1000,"bu","13:52:19",6517700
29,0.4,800,"bu","13:52:10",6516700
29,0.4,800,"bu","13:52:01",6515900
28.95,0.35,500,"sd","13:51:56",6515100
29,0.4,2000,"bu","13:51:54",6514600
29,0.4,800,"bu","13:51:52",6512600
28.95,0.35,800,"sd","13:51:51",6511800
29,0.4,1000,"bu","13:51:48",6511000
29,0.4,800,"bu","13:51:43",6510000
28.95,0.35,100,"sd","13:51:38",6509200
29,0.4,1000,"bu","13:51:34",6509100
29,0.4,800,"bu","13:51:34",6508100
29,0.4,800,"bu","13:51:25",6507300
29,0.4,1000,"bu","13:51:18",6506500
29,0.4,800,"bu","13:51:16",6505500
29,0.4,2000,"bu","13:51:11",6504700
29,0.4,800,"bu","13:51:07",6502700
29,0.4,800,"bu","13:50:58",6501900
29,0.4,800,"bu","13:50:49",6501100
29,0.4,1000,"bu","13:50:48",6500300
29,0.4,800,"bu","13:50:40",6499300
29,0.4,800,"bu","13:50:31",6498500
28.95,0.35,100,"sd","13:50:29",6497700
29,0.4,2000,"bu","13:50:27",6497600
29,0.4,800,"bu","13:50:22",6495600
29,0.4,1000,"bu","13:50:18",6494800
29,0.4,800,"bu","13:50:13",6493800
29,0.4,800,"bu","13:50:04",6493000
29,0.4,800,"bu","13:49:55",6492200
28.95,0.35,20000,"sd","13:49:52",6491400
28.95,0.35,3000,"sd","13:49:49",6471400
29,0.4,2000,"bu","13:49:48",6468400
29,0.4,1000,"bu","13:49:47",6466400
29,0.4,800,"bu","13:49:46",6465400
29,0.4,2000,"bu","13:49:44",6464600
29,0.4,800,"bu","13:49:37",6462600
29,0.4,800,"bu","13:49:27",6461800
29,0.4,1000,"bu","13:49:24",6461000
29,0.4,800,"bu","13:49:19",6460000
29,0.4,1000,"bu","13:49:17",6459200
29,0.4,900,"bu","13:49:16",6458200
29,0.4,800,"bu","13:49:10",6457300
29,0.4,2000,"bu","13:49:01",6456500
29,0.4,800,"bu","13:49:01",6454500
28.95,0.35,5000,"sd","13:48:56",6453700
29,0.4,800,"bu","13:48:52",6448700
29,0.4,1000,"bu","13:48:47",6447900
29,0.4,800,"bu","13:48:42",6446900
29,0.4,800,"bu","13:48:34",6446100
29,0.4,800,"bu","13:48:24",6445300
29,0.4,3000,"bu","13:48:17",6444500
29,0.4,800,"bu","13:48:15",6441500
29,0.4,800,"bu","13:48:06",6440700
29,0.4,800,"bu","13:47:58",6439900
28.95,0.35,900,"sd","13:47:56",6439100
29,0.4,800,"bu","13:47:49",6438200
29,0.4,1000,"bu","13:47:47",6437400
29,0.4,500,"bu","13:47:43",6436400
29,0.4,800,"bu","13:47:39",6435900
29,0.4,2000,"bu","13:47:34",6435100
29,0.4,800,"bu","13:47:30",6433100
29,0.4,800,"bu","13:47:21",6432300
29,0.4,1000,"bu","13:47:17",6431500
29,0.4,800,"bu","13:47:13",6430500
29,0.4,800,"bu","13:47:03",6429700
29,0.4,800,"bu","13:46:54",6428900
28.95,0.35,500,"sd","13:46:54",6428100
28.95,0.35,10000,"sd","13:46:50",6427600
28.95,0.35,20000,"sd","13:46:48",6417600
29,0.4,1000,"bu","13:46:46",6397600
29,0.4,800,"bu","13:46:45",6396600
29,0.4,2000,"bu","13:46:37",6395800
29,0.4,800,"bu","13:46:36",6393800
29,0.4,800,"bu","13:46:27",6393000
29,0.4,800,"bu","13:46:18",6392200
29,0.4,900,"bu","13:46:16",6391400
28.95,0.35,200,"sd","13:46:16",6390500
28.95,0.35,100,"sd","13:46:11",6390300
29,0.4,800,"bu","13:46:09",6390200
29,0.4,2000,"bu","13:46:07",6389400
29,0.4,800,"bu","13:46:00",6387400
29,0.4,800,"bu","13:45:51",6386600
29,0.4,900,"bu","13:45:46",6385800
28.95,0.35,2000,"sd","13:45:45",6384900
29,0.4,800,"bu","13:45:42",6382900
28.95,0.35,100,"sd","13:45:35",6382100
28.95,0.35,200,"sd","13:45:34",6382000
29,0.4,800,"bu","13:45:33",6381800
29,0.4,1000,"bu","13:45:30",6381000
29,0.4,2800,"bu","13:45:24",6380000
29,0.4,900,"bu","13:45:16",6377200
29,0.4,800,"bu","13:45:15",6376300
29,0.4,800,"bu","13:45:06",6375500
28.95,0.35,1900,"sd","13:44:58",6374700
29,0.4,800,"bu","13:44:57",6372800
28.95,0.35,100,"sd","13:44:50",6372000
29,0.4,800,"bu","13:44:48",6371900
29,0.4,900,"bu","13:44:45",6371100
28.95,0.35,500,"sd","13:44:43",6370200
29,0.4,2000,"bu","13:44:40",6369700
29,0.4,800,"bu","13:44:39",6367700
28.95,0.35,200,"sd","13:44:37",6366900
29,0.4,1200,"bu","13:44:35",6366700
29,0.4,800,"bu","13:44:30",6365500
29,0.4,800,"bu","13:44:27",6364700
29,0.4,900,"bu","13:44:15",6363900
29,0.4,800,"bu","13:44:12",6363000
29,0.4,800,"bu","13:44:03",6362200
28.95,0.35,2000,"sd","13:43:52",6361400
29,0.4,900,"bu","13:43:45",6359400
28.95,0.35,80000,"sd","13:43:44",6358500
29,0.4,800,"bu","13:43:44",6278500
29,0.4,800,"bu","13:43:35",6277700
29,0.4,900,"bu","13:43:26",6276900
29,0.4,900,"bu","13:43:15",6276000
29,0.4,11000,"bu","13:43:14",6275100
28.95,0.35,500,"sd","13:43:09",6264100
29,0.4,2900,"sd","13:43:07",6263600
29.05,0.45,900,"bu","13:43:06",6260700
29,0.4,4100,"bu","13:42:55",6259800
29,0.4,5900,"sd","13:42:53",6255700
29.05,0.45,900,"bu","13:42:47",6249800
29.05,0.45,900,"bu","13:42:45",6248900
29.05,0.45,900,"bu","13:42:39",6248000
29,0.4,20000,"sd","13:42:35",6247100
29.05,0.45,2000,"bu","13:42:30",6227100
29.05,0.45,900,"bu","13:42:29",6225100
29.05,0.45,900,"bu","13:42:20",6224200
29.05,0.45,900,"bu","13:42:15",6223300
29,0.4,200,"sd","13:42:13",6222400
29.05,0.45,900,"bu","13:42:11",6222200
29.05,0.45,900,"bu","13:42:02",6221300
29,0.4,20000,"sd","13:41:58",6220400
29.05,0.45,900,"bu","13:41:53",6200400
29.05,0.45,2000,"bu","13:41:47",6199500
29.05,0.45,1800,"bu","13:41:44",6197500
29.05,0.45,900,"bu","13:41:35",6195700
29.05,0.45,900,"bu","13:41:26",6194800
29.05,0.45,900,"bu","13:41:18",6193900
29.05,0.45,900,"bu","13:41:14",6193000
29,0.4,900,"sd","13:41:12",6192100
29.05,0.45,900,"bu","13:41:08",6191200
29,0.4,200,"bu","13:41:03",6190300
29,0.4,11000,"bu","13:41:00",6190100
29,0.4,1000,"bu","13:40:59",6179100
29,0.4,2100,"bu","13:40:52",6178100
29,0.4,900,"bu","13:40:50",6176000
29,0.4,95700,"bu","13:40:47",6175100
29,0.4,900,"bu","13:40:44",6079400
29,0.4,1000,"bu","13:40:41",6078500
29,0.4,1000,"bu","13:40:32",6077500
29,0.4,1000,"bu","13:40:26",6076500
29,0.4,900,"bu","13:40:23",6075500
29,0.4,2000,"bu","13:40:20",6074600
29,0.4,1800,"bu","13:40:14",6072600
29,0.4,1000,"bu","13:40:05",6070800
29,0.4,1000,"bu","13:39:56",6069800
29,0.4,5700,"bu","13:39:56",6068800
29,0.4,1000,"bu","13:39:47",6063100
29,0.4,900,"bu","13:39:47",6062100
29,0.4,900,"bu","13:39:44",6061200
28.95,0.35,4000,"sd","13:39:39",6060300
29,0.4,900,"bu","13:39:38",6056300
28.95,0.35,500,"sd","13:39:34",6055400
28.95,0.35,2000,"sd","13:39:29",6054900
29,0.4,900,"bu","13:39:28",6052900
28.95,0.35,200,"sd","13:39:26",6052000
28.95,0.35,10000,"sd","13:39:20",6051800
29,0.4,1000,"bu","13:39:20",6041800
29,0.4,900,"bu","13:39:14",6040800
29,0.4,900,"bu","13:39:10",6039900
29,0.4,900,"bu","13:39:02",6039000
28.95,0.35,5000,"sd","13:38:59",6038100
29,0.4,2000,"bu","13:38:53",6033100
29,0.4,900,"bu","13:38:53",6031100
29,0.4,1800,"bu","13:38:43",6030200
29,0.4,900,"bu","13:38:35",6028400
29,0.4,900,"bu","13:38:26",6027500
28.95,0.35,300,"sd","13:38:23",6026600
29,0.4,900,"bu","13:38:16",6026300
29,0.4,900,"bu","13:38:13",6025400
28.95,0.35,500,"sd","13:38:12",6024500
29,0.4,2000,"bu","13:38:10",6024000
29,0.4,900,"bu","13:38:07",6022000
28.95,0.35,400,"sd","13:38:01",6021100
29,0.4,1000,"bu","13:37:59",6020700
29,0.4,900,"bu","13:37:49",6019700
28.95,0.35,7000,"sd","13:37:45",6018800
29,0.4,900,"bu","13:37:43",6011800
29,0.4,900,"bu","13:37:40",6010900
28.95,0.35,300,"sd","13:37:40",6010000
29,0.4,1000,"bu","13:37:38",6009700
29,0.4,1000,"bu","13:37:32",6008700
29,0.4,2000,"bu","13:37:27",6007700
29,0.4,900,"bu","13:37:23",6005700
28.95,0.35,1300,"sd","13:37:22",6004800
29,0.4,1900,"bu","13:37:13",6003500
29,0.4,900,"bu","13:37:04",6001600
29,0.4,6900,"bu","13:36:55",6000700
29,0.4,900,"bu","13:36:46",5993800
28.95,0.35,100,"sd","13:36:46",5992900
28.95,0.35,1000,"sd","13:36:45",5992800
29,0.4,2900,"bu","13:36:43",5991800
29,0.4,1000,"bu","13:36:37",5988900
28.95,0.35,600,"sd","13:36:33",5987900
28.95,0.35,10000,"sd","13:36:31",5987300
28.95,0.35,100,"sd","13:36:29",5977300
29,0.4,900,"bu","13:36:28",5977200
28.95,0.35,1100,"sd","13:36:26",5976300
28.95,0.35,200,"sd","13:36:20",5975200
29,0.4,900,"bu","13:36:19",5975000
28.95,0.35,3000,"sd","13:36:17",5974100
29,0.4,900,"bu","13:36:13",5971100
29,0.4,1000,"bu","13:36:11",5970200
28.95,0.35,1000,"sd","13:36:06",5969200
29,0.4,900,"bu","13:36:01",5968200
29,0.4,2000,"bu","13:36:00",5967300
29,0.4,1000,"bu","13:35:52",5965300
29,0.4,100,"bu","13:35:51",5964300
29,0.4,200,"bu","13:35:51",5964200
29,0.4,900,"bu","13:35:43",5964000
29,0.4,900,"bu","13:35:42",5963100
29,0.4,900,"bu","13:35:34",5962200
28.95,0.35,600,"sd","13:35:26",5961300
29,0.4,1000,"bu","13:35:25",5960700
29,0.4,400,"bu","13:35:21",5959700
29,0.4,3000,"bu","13:35:16",5959300
29,0.4,900,"bu","13:35:12",5956300
29,0.4,900,"bu","13:35:07",5955400
29,0.4,900,"bu","13:34:58",5954500
29,0.4,900,"bu","13:34:49",5953600
29,0.4,100,"bu","13:34:43",5952700
29,0.4,900,"bu","13:34:42",5952600
29,0.4,1000,"bu","13:34:40",5951700
29,0.4,2000,"bu","13:34:33",5950700
29,0.4,900,"bu","13:34:31",5948700
29,0.4,5900,"bu","13:34:22",5947800
29,0.4,900,"bu","13:34:13",5941900
29.05,0.45,600,"bu","13:34:12",5941000
29,0.4,300,"bu","13:34:12",5940400
29.05,0.45,900,"bu","13:34:04",5940100
28.95,0.35,20000,"sd","13:34:02",5939200
29,0.4,125800,"bu","13:34:00",5919200
29,0.4,1000,"bu","13:33:55",5793400
28.95,0.35,20000,"sd","13:33:53",5792400
28.95,0.35,6000,"sd","13:33:49",5772400
28.95,0.35,4000,"sd","13:33:49",5766400
29,0.4,900,"bu","13:33:46",5762400
29,0.4,900,"bu","13:33:42",5761500
29,0.4,900,"bu","13:33:37",5760600
28.95,0.35,100,"sd","13:33:29",5759700
29,0.4,1000,"bu","13:33:27",5759600
28.95,0.35,10000,"sd","13:33:23",5758600
29,0.4,900,"bu","13:33:19",5748600
29,0.4,900,"bu","13:33:11",5747700
29,0.4,900,"bu","13:33:10",5746800
28.95,0.35,1000,"sd","13:33:01",5745900
29,0.4,1900,"bu","13:33:00",5744900
29,0.4,144100,"sd","13:32:43",5743000
29.05,0.45,1800,"bu","13:32:41",5598900
29,0.4,100,"sd","13:32:29",5597100
29.05,0.45,2000,"bu","13:32:23",5597000
29.05,0.45,78500,"sd","13:32:22",5595000
29.1,0.5,900,"bu","13:32:22",5516500
29.05,0.45,1000,"sd","13:32:17",5515600
29.1,0.5,900,"bu","13:32:13",5514600
29.1,0.5,900,"bu","13:32:11",5513700
29.1,0.5,1000,"bu","13:32:07",5512800
29.05,0.45,500,"sd","13:32:06",5511800
29.1,0.5,1000,"bu","13:32:04",5511300
29.05,0.45,2100,"sd","13:31:58",5510300
29.05,0.45,21900,"sd","13:31:58",5508200
29.1,0.5,1000,"bu","13:31:55",5486300
29.1,0.5,900,"bu","13:31:46",5485300
29.1,0.5,900,"bu","13:31:41",5484400
29.1,0.5,2000,"bu","13:31:39",5483500
29.1,0.5,900,"bu","13:31:37",5481500
29.1,0.5,50000,"bu","13:31:29",5480600
29.1,0.5,900,"bu","13:31:28",5430600
29.1,0.5,1000,"bu","13:31:19",5429700
29.1,0.5,2000,"bu","13:31:12",5428700
29.05,0.45,100,"sd","13:31:11",5426700
29.1,0.5,900,"bu","13:31:11",5426600
29.1,0.5,1000,"bu","13:31:10",5425700
29.05,0.45,1000,"sd","13:31:09",5424700
29.05,0.45,100,"sd","13:31:08",5423700
29.05,0.45,1800,"sd","13:31:04",5423600
29.1,0.5,1000,"bu","13:31:01",5421800
29.1,0.5,2000,"bu","13:30:56",5420800
29.1,0.5,1000,"bu","13:30:52",5418800
29.1,0.5,1000,"bu","13:30:43",5417800
29.1,0.5,900,"bu","13:30:40",5416800
29.1,0.5,100,"bu","13:30:35",5415900
29.1,0.5,1000,"bu","13:30:34",5415800
29.1,0.5,2000,"bu","13:30:33",5414800
29.1,0.5,900,"bu","13:30:25",5412800
29.1,0.5,900,"bu","13:30:16",5411900
29.1,0.5,2000,"bu","13:30:13",5411000
29.1,0.5,900,"bu","13:30:10",5409000
29.05,0.45,500,"sd","13:30:09",5408100
29.1,0.5,900,"bu","13:30:07",5407600
29.1,0.5,900,"bu","13:29:58",5406700
29.1,0.5,100,"bu","13:29:55",5405800
29.1,0.5,3000,"bu","13:29:52",5405700
29.1,0.5,1000,"bu","13:29:49",5402700
29.1,0.5,900,"bu","13:29:40",5401700
29.1,0.5,1000,"bu","13:29:40",5400800
29.05,0.45,1000,"sd","13:29:39",5399800
29.05,0.45,1000,"sd","13:29:34",5398800
29.1,0.5,1000,"bu","13:29:31",5397800
29.05,0.45,500,"sd","13:29:23",5396800
29.05,0.45,10000,"sd","13:29:22",5396300
29.1,0.5,1000,"bu","13:29:22",5386300
29.1,0.5,1000,"bu","13:29:13",5385300
29.1,0.5,900,"bu","13:29:10",5384300
29.1,0.5,1000,"bu","13:29:03",5383400
29.1,0.5,900,"bu","13:28:55",5382400
29.1,0.5,1000,"bu","13:28:46",5381500
29.05,0.45,100,"sd","13:28:43",5380500
29.1,0.5,900,"bu","13:28:40",5380400
29.1,0.5,1000,"bu","13:28:37",5379500
29.1,0.5,900,"bu","13:28:28",5378500
29.1,0.5,1000,"bu","13:28:19",5377600
29.05,0.45,700,"sd","13:28:10",5376600
29.1,0.5,900,"bu","13:28:10",5375900
29.05,0.45,2400,"bu","13:28:02",5375000
29.05,0.45,1800,"sd","13:28:00",5372600
29.1,0.5,900,"bu","13:27:59",5370800
29.1,0.5,200,"bu","13:27:53",5369900
29.1,0.5,900,"bu","13:27:50",5369700
29.1,0.5,900,"bu","13:27:40",5368800
29.05,0.45,5000,"sd","13:27:36",5367900
29.1,0.5,900,"bu","13:27:30",5362900
29.05,0.45,5000,"sd","13:27:29",5362000
29.1,0.5,900,"bu","13:27:21",5357000
29.1,0.5,2000,"bu","13:27:19",5356100
29.1,0.5,1000,"bu","13:27:12",5354100
29.1,0.5,900,"bu","13:27:09",5353100
29.1,0.5,1000,"bu","13:27:03",5352200
29.1,0.5,6200,"bu","13:26:55",5351200
29.1,0.5,900,"bu","13:26:54",5345000
29.05,0.45,500,"sd","13:26:54",5344100
29.05,0.45,8500,"bu","13:26:48",5343600
29.05,0.45,900,"bu","13:26:46",5335100
29.05,0.45,700,"sd","13:26:42",5334200
29.05,0.45,200,"bu","13:26:41",5333500
29.05,0.45,53600,"bu","13:26:40",5333300
29.05,0.45,900,"bu","13:26:39",5279700
29.05,0.45,2900,"bu","13:26:36",5278800
29.05,0.45,900,"bu","13:26:27",5275900
29.05,0.45,1900,"bu","13:26:09",5275000
29.05,0.45,7700,"sd","13:26:08",5273100
29.05,0.45,100,"sd","13:26:01",5265400
29.1,0.5,1000,"bu","13:25:59",5265300
29.05,0.45,27000,"bu","13:25:51",5264300
29.05,0.45,900,"bu","13:25:50",5237300
29.05,0.45,900,"bu","13:25:41",5236400
29.05,0.45,900,"bu","13:25:39",5235500
29.05,0.45,5000,"bu","13:25:37",5234600
29.05,0.45,900,"bu","13:25:32",5229600
29.05,0.45,3500,"bu","13:25:21",5228700
29.05,0.45,13900,"sd","13:25:20",5225200
29.1,0.5,1000,"bu","13:25:13",5211300
29.1,0.5,2000,"bu","13:25:09",5210300
29.1,0.5,900,"bu","13:25:09",5208300
29.1,0.5,900,"bu","13:25:04",5207400
29.1,0.5,1000,"bu","13:24:55",5206500
29.1,0.5,900,"bu","13:24:46",5205500
29.05,0.45,100,"sd","13:24:45",5204600
29.05,0.45,1000,"sd","13:24:44",5204500
29.1,0.5,900,"bu","13:24:39",5203500
29.1,0.5,1000,"bu","13:24:37",5202600
29.05,0.45,32100,"bu","13:24:29",5201600
29.05,0.45,2000,"bu","13:24:26",5169500
29.05,0.45,15900,"sd","13:24:24",5167500
29.1,0.5,1000,"bu","13:24:17",5151600
29.1,0.5,1900,"bu","13:24:08",5150600
29.1,0.5,1000,"bu","13:23:59",5148700
29.1,0.5,1000,"bu","13:23:50",5147700
29.1,0.5,700,"bu","13:23:45",5146700
29.05,0.45,9300,"bu","13:23:45",5146000
29.05,0.45,2000,"bu","13:23:42",5136700
29.05,0.45,1000,"bu","13:23:41",5134700
29.05,0.45,1000,"bu","13:23:39",5133700
29.05,0.45,900,"bu","13:23:38",5132700
29.05,0.45,800,"sd","13:23:37",5131800
29.05,0.45,200,"bu","13:23:32",5131000
29.05,0.45,800,"sd","13:23:29",5130800
29.05,0.45,114200,"bu","13:23:24",5130000
29.05,0.45,1000,"bu","13:23:23",5015800
29.05,0.45,1000,"bu","13:23:14",5014800
29.05,0.45,900,"bu","13:23:08",5013800
29.05,0.45,1000,"bu","13:23:05",5012900
29.05,0.45,2000,"bu","13:22:59",5011900
29.05,0.45,1000,"bu","13:22:56",5009900
29.05,0.45,1000,"bu","13:22:47",5008900
29.05,0.45,1800,"bu","13:22:38",5007900
29,0.4,100,"sd","13:22:29",5006100
29.05,0.45,900,"bu","13:22:29",5006000
29.05,0.45,200,"bu","13:22:26",5005100
29.05,0.45,2000,"bu","13:22:26",5004900
29,0.4,100,"sd","13:22:20",5002900
29.05,0.45,1000,"bu","13:22:20",5002800
29,0.4,500,"sd","13:22:11",5001800
29.05,0.45,1000,"bu","13:22:10",5001300
29.05,0.45,900,"bu","13:22:08",5000300
29.05,0.45,900,"bu","13:22:02",4999400
29.05,0.45,900,"bu","13:21:52",4998500
29.05,0.45,1000,"bu","13:21:44",4997600
29,0.4,34300,"bu","13:21:42",4996600
29,0.4,1000,"bu","13:21:41",4962300
29,0.4,900,"bu","13:21:37",4961300
29,0.4,1000,"bu","13:21:35",4960400
29,0.4,2000,"bu","13:21:32",4959400
29,0.4,1000,"bu","13:21:26",4957400
29,0.4,1000,"bu","13:21:16",4956400
28.95,0.35,15000,"sd","13:21:14",4955400
29,0.4,1900,"bu","13:21:07",4940400
29,0.4,1000,"bu","13:20:59",4938500
29,0.4,500,"bu","13:20:52",4937500
29,0.4,2900,"bu","13:20:49",4937000
29,0.4,2800,"bu","13:20:47",4934100
29,0.4,5000,"bu","13:20:42",4931300
29,0.4,900,"bu","13:20:40",4926300
29,0.4,6900,"bu","13:20:37",4925400
29,0.4,1000,"bu","13:20:31",4918500
29,0.4,6900,"bu","13:20:24",4917500
29,0.4,1000,"bu","13:20:22",4910600
28.95,0.35,200,"sd","13:20:20",4909600
29,0.4,900,"bu","13:20:07",4909400
29,0.4,2000,"bu","13:20:05",4908500
29,0.4,8000,"sd","13:20:03",4906500
29,0.4,171100,"sd","13:20:03",4898500
29.05,0.45,1000,"bu","13:19:54",4727400
29.05,0.45,1000,"bu","13:19:48",4726400
29.05,0.45,900,"bu","13:19:45",4725400
29.05,0.45,900,"bu","13:19:37",4724500
29.05,0.45,1000,"bu","13:19:36",4723600
29.05,0.45,5000,"bu","13:19:35",4722600
29.05,0.45,2000,"bu","13:19:34",4717600
29.05,0.45,1000,"bu","13:19:27",4715600
29.05,0.45,2000,"bu","13:19:22",4714600
29.05,0.45,1000,"bu","13:19:18",4712600
29.05,0.45,600,"bu","13:19:17",4711600
29.05,0.45,2000,"bu","13:19:14",4711000
29.05,0.45,1000,"bu","13:19:09",4709000
29.05,0.45,900,"bu","13:19:07",4708000
29.05,0.45,900,"bu","13:19:00",4707100
29.05,0.45,1000,"bu","13:18:52",4706200
29.05,0.45,900,"bu","13:18:51",4705200
29.05,0.45,10000,"bu","13:18:50",4704300
29,0.4,100,"sd","13:18:47",4694300
29.05,0.45,1000,"bu","13:18:42",4694200
29.05,0.45,2000,"bu","13:18:39",4693200
29.05,0.45,2500,"bu","13:18:38",4691200
29.05,0.45,1300,"bu","13:18:36",4688700
29.05,0.45,1000,"bu","13:18:32",4687400
29.05,0.45,1000,"bu","13:18:24",4686400
29.05,0.45,1000,"bu","13:18:15",4685400
29.05,0.45,900,"bu","13:18:06",4684400
29.05,0.45,1000,"bu","13:18:06",4683500
29.05,0.45,800,"bu","13:18:04",4682500
29.05,0.45,800,"bu","13:17:59",4681700
29.05,0.45,1000,"bu","13:17:57",4680900
29.05,0.45,2000,"bu","13:17:55",4679900
29.05,0.45,1000,"bu","13:17:48",4677900
29.05,0.45,1000,"bu","13:17:38",4676900
29.05,0.45,40000,"bu","13:17:37",4675900
29.05,0.45,900,"bu","13:17:36",4635900
29,0.4,500,"sd","13:17:32",4635000
29.05,0.45,1000,"bu","13:17:29",4634500
29.05,0.45,1000,"bu","13:17:20",4633500
29,0.4,300,"sd","13:17:20",4632500
29,0.4,21300,"bu","13:17:18",4632200
29,0.4,2000,"bu","13:17:12",4610900
29,0.4,1000,"bu","13:17:11",4608900
29,0.4,9200,"bu","13:17:08",4607900
29,0.4,900,"bu","13:17:06",4598700
29,0.4,16600,"sd","13:16:57",4597800
29.05,0.45,6300,"bu","13:16:57",4581200
29,0.4,2000,"sd","13:16:56",4574900
29.05,0.45,900,"bu","13:16:52",4572900
29,0.4,10000,"sd","13:16:52",4572000
29.05,0.45,1300,"bu","13:16:45",4562000
29.05,0.45,1000,"bu","13:16:43",4560700
29,0.4,100,"sd","13:16:40",4559700
29,0.4,71300,"bu","13:16:40",4559600
29,0.4,118500,"bu","13:16:39",4488300
28.95,0.35,100700,"bu","13:16:39",4369800
28.95,0.35,200,"bu","13:16:38",4269100
28.95,0.35,900,"bu","13:16:37",4268900
28.95,0.35,1000,"bu","13:16:34",4268000
28.9,0.3,2000,"sd","13:16:34",4267000
28.95,0.35,2000,"bu","13:16:28",4265000
28.95,0.35,1000,"bu","13:16:25",4263000
28.9,0.3,500,"sd","13:16:24",4262000
28.95,0.35,10000,"bu","13:16:24",4261500
28.95,0.35,10000,"bu","13:16:17",4251500
28.95,0.35,1000,"bu","13:16:16",4241500
28.95,0.35,1000,"bu","13:16:07",4240500
28.95,0.35,900,"bu","13:16:05",4239500
28.95,0.35,2000,"bu","13:16:04",4238600
28.95,0.35,100,"bu","13:15:55",4236600
28.95,0.35,4000,"bu","13:15:45",4236500
28.95,0.35,900,"bu","13:15:36",4232500
28.9,0.3,100,"sd","13:15:27",4231600
28.95,0.35,1000,"bu","13:15:25",4231500
28.95,0.35,600,"bu","13:15:16",4230500
28.95,0.35,900,"bu","13:15:05",4229900
28.95,0.35,2000,"bu","13:15:02",4229000
28.95,0.35,100,"bu","13:14:53",4227000
28.95,0.35,2000,"bu","13:14:52",4226900
28.9,0.3,1000,"sd","13:14:44",4224900
28.95,0.35,900,"bu","13:14:35",4223900
28.95,0.35,2000,"bu","13:14:18",4223000
28.95,0.35,3900,"bu","13:14:17",4221000
28.95,0.35,900,"bu","13:14:05",4217100
28.95,0.35,5000,"bu","13:14:04",4216200
28.95,0.35,6100,"bu","13:13:57",4211200
28.9,0.3,500,"sd","13:13:48",4205100
28.95,0.35,2000,"bu","13:13:35",4204600
28.95,0.35,900,"bu","13:13:33",4202600
28.95,0.35,900,"bu","13:13:04",4201700
28.9,0.3,100,"sd","13:12:50",4200800
28.9,0.3,5000,"sd","13:12:37",4200700
28.9,0.3,1000,"sd","13:12:34",4195700
28.95,0.35,900,"bu","13:12:34",4194700
28.9,0.3,1000,"sd","13:12:25",4193800
28.9,0.3,100,"sd","13:12:12",4192800
28.9,0.3,100,"sd","13:12:08",4192700
28.95,0.35,900,"bu","13:12:03",4192600
28.9,0.3,3500,"sd","13:11:55",4191700
28.9,0.3,2000,"sd","13:11:49",4188200
28.9,0.3,500,"sd","13:11:45",4186200
28.9,0.3,2000,"sd","13:11:39",4185700
28.95,0.35,900,"bu","13:11:33",4183700
28.9,0.3,500,"sd","13:11:26",4182800
28.9,0.3,2000,"sd","13:11:25",4182300
28.9,0.3,2000,"sd","13:11:23",4180300
28.9,0.3,10000,"sd","13:11:10",4178300
28.9,0.3,200,"sd","13:11:08",4168300
28.95,0.35,900,"bu","13:11:03",4168100
28.9,0.3,300,"sd","13:11:02",4167200
28.95,0.35,6200,"bu","13:10:57",4166900
28.9,0.3,100,"sd","13:10:53",4160700
28.9,0.3,10000,"sd","13:10:47",4160600
28.95,0.35,2000,"bu","13:10:41",4150600
28.95,0.35,900,"bu","13:10:33",4148600
28.9,0.3,2000,"sd","13:10:29",4147700
28.9,0.3,1000,"sd","13:10:28",4145700
28.9,0.3,500,"sd","13:10:27",4144700
28.9,0.3,500,"sd","13:10:23",4144200
28.9,0.3,2000,"sd","13:10:16",4143700
28.9,0.3,300,"sd","13:10:12",4141700
28.9,0.3,1000,"sd","13:10:12",4141400
28.9,0.3,100,"sd","13:10:11",4140400
28.9,0.3,1800,"sd","13:10:09",4140300
28.9,0.3,200,"sd","13:10:07",4138500
28.9,0.3,2200,"sd","13:10:06",4138300
28.9,0.3,1400,"sd","13:10:03",4136100
28.9,0.3,1000,"sd","13:10:03",4134700
28.95,0.35,900,"bu","13:10:03",4133700
28.9,0.3,1600,"sd","13:09:55",4132800
28.9,0.3,800,"sd","13:09:54",4131200
28.9,0.3,200,"sd","13:09:46",4130400
28.9,0.3,10000,"sd","13:09:40",4130200
28.95,0.35,900,"bu","13:09:32",4120200
28.9,0.3,300,"sd","13:09:31",4119300
28.9,0.3,1000,"sd","13:09:28",4119000
28.9,0.3,500,"sd","13:09:17",4118000
28.9,0.3,500,"sd","13:09:15",4117500
28.9,0.3,2500,"sd","13:09:13",4117000
28.95,0.35,900,"bu","13:09:02",4114500
28.9,0.3,1000,"sd","13:08:53",4113600
28.95,0.35,900,"bu","13:08:32",4112600
28.95,0.35,2000,"bu","13:08:31",4111700
28.95,0.35,5000,"bu","13:08:15",4109700
28.95,0.35,900,"bu","13:08:02",4104700
28.95,0.35,300,"bu","13:07:56",4103800
28.9,0.3,400,"sd","13:07:48",4103500
28.95,0.35,2000,"bu","13:07:48",4103100
28.95,0.35,3000,"bu","13:07:46",4101100
28.9,0.3,100,"sd","13:07:46",4098100
28.9,0.3,100,"sd","13:07:38",4098000
28.9,0.3,27300,"bu","13:07:37",4097900
28.9,0.3,47000,"bu","13:07:36",4070600
28.9,0.3,900,"bu","13:07:32",4023600
28.9,0.3,1000,"bu","13:07:05",4022700
28.9,0.3,2000,"bu","13:07:04",4021700
28.9,0.3,900,"bu","13:07:01",4019700
28.9,0.3,1000,"bu","13:06:38",4018800
28.9,0.3,3900,"bu","13:06:32",4017800
28.9,0.3,900,"bu","13:06:31",4013900
28.9,0.3,3000,"bu","13:06:25",4013000
28.9,0.3,2000,"bu","13:06:21",4010000
28.9,0.3,1500,"sd","13:06:07",4008000
28.95,0.35,900,"bu","13:06:06",4006500
28.9,0.3,10000,"sd","13:06:01",4005600
28.9,0.3,6000,"sd","13:05:58",3995600
28.9,0.3,500,"sd","13:05:53",3989600
28.9,0.3,1000,"sd","13:05:50",3989100
28.9,0.3,1300,"sd","13:05:49",3988100
28.9,0.3,1000,"sd","13:05:45",3986800
28.9,0.3,1600,"sd","13:05:43",3985800
28.9,0.3,600,"sd","13:05:42",3984200
28.9,0.3,600,"sd","13:05:41",3983600
28.9,0.3,200,"sd","13:05:37",3983000
28.9,0.3,3000,"sd","13:05:33",3982800
28.95,0.35,900,"bu","13:05:31",3979800
28.9,0.3,300,"sd","13:05:26",3978900
28.95,0.35,2000,"bu","13:05:20",3978600
28.9,0.3,500,"sd","13:05:15",3976600
28.95,0.35,1900,"bu","13:05:10",3976100
28.95,0.35,900,"bu","13:05:00",3974200
28.95,0.35,2000,"bu","13:04:54",3973300
28.95,0.35,1000,"bu","13:04:44",3971300
28.95,0.35,20000,"bu","13:04:43",3970300
28.95,0.35,900,"bu","13:04:30",3950300
28.9,0.3,400,"sd","13:04:30",3949400
28.95,0.35,6100,"bu","13:04:25",3949000
28.95,0.35,2000,"bu","13:04:11",3942900
28.95,0.35,900,"bu","13:04:00",3940900
28.95,0.35,1000,"bu","13:03:40",3940000
28.95,0.35,900,"bu","13:03:30",3939000
28.95,0.35,2000,"bu","13:03:28",3938100
28.95,0.35,900,"bu","13:03:00",3936100
28.95,0.35,2000,"bu","13:02:44",3935200
28.95,0.35,900,"bu","13:02:29",3933200
28.95,0.35,1000,"bu","13:02:03",3932300
28.95,0.35,2000,"bu","13:02:01",3931300
28.95,0.35,900,"bu","13:02:00",3929300
28.9,0.3,30000,"sd","13:01:45",3928400
28.95,0.35,900,"bu","13:01:30",3898400
28.95,0.35,2000,"bu","13:01:17",3897500
28.95,0.35,900,"bu","13:01:00",3895500
28.95,0.35,19300,"sd","13:00:49",3894600
29,0.4,2000,"bu","13:00:34",3875300
29,0.4,34900,"sd","13:00:33",3873300
29,0.4,2000,"sd","13:00:25",3838400
29,0.4,2400,"sd","13:00:24",3836400
29,0.4,400,"sd","13:00:24",3834000
29,0.4,400,"sd","13:00:22",3833600
29,0.4,200,"sd","13:00:21",3833200
29,0.4,500,"sd","13:00:20",3833000
29,0.4,100,"sd","13:00:19",3832500
29,0.4,500,"sd","13:00:19",3832400
29.05,0.45,300,"bu","13:00:19",3831900
29,0.4,100,"sd","13:00:18",3831600
29,0.4,100,"sd","13:00:18",3831500
29,0.4,100,"sd","13:00:17",3831400
29,0.4,3000,"sd","13:00:15",3831300
29,0.4,7000,"sd","13:00:15",3828300
29,0.4,3200,"sd","13:00:14",3821300
29,0.4,2000,"sd","13:00:13",3818100
29,0.4,1000,"sd","13:00:13",3816100
29,0.4,100,"sd","13:00:11",3815100
29,0.4,3300,"sd","13:00:11",3815000
29,0.4,5000,"sd","13:00:09",3811700
29,0.4,500,"sd","13:00:08",3806700
29,0.4,400,"sd","13:00:07",3806200
29,0.4,100,"sd","13:00:06",3805800
29.05,0.45,200,"bu","13:00:06",3805700
29,0.4,1000,"sd","13:00:06",3805500
29,0.4,2000,"sd","13:00:05",3804500
29,0.4,800,"sd","13:00:04",3802500
29,0.4,1500,"sd","13:00:04",3801700
29,0.4,5100,"sd","13:00:03",3800200
29,0.4,600,"sd","13:00:02",3795100
29,0.4,71500,"sd","13:00:02",3794500
29,0.4,13600,"sd","13:00:01",3723000
29,0.4,37600,"bu","13:00:01",3709400
28.95,0.35,200,"sd","13:00:01",3671800
29,0.4,2000,"bu","11:29:51",3671600
29,0.4,10000,"bu","11:29:47",3669600
29,0.4,11000,"bu","11:29:45",3659600
29,0.4,28200,"sd","11:29:33",3648600
29,0.4,20000,"sd","11:29:31",3620400
29.05,0.45,10000,"bu","11:29:27",3600400
29,0.4,7800,"sd","11:29:13",3590400
29,0.4,12300,"sd","11:29:13",3582600
29.05,0.45,2000,"bu","11:29:06",3570300
29.05,0.45,1100,"bu","11:28:37",3568300
29.05,0.45,100,"bu","11:28:30",3567200
29,0.4,200,"sd","11:28:26",3567100
29.05,0.45,1000,"bu","11:28:24",3566900
29.05,0.45,2000,"bu","11:28:23",3565900
29.05,0.45,1100,"bu","11:28:07",3563900
29,0.4,1000,"sd","11:28:06",3562800
29.05,0.45,2000,"bu","11:27:39",3561800
29.05,0.45,1100,"bu","11:27:37",3559800
29,0.4,200,"sd","11:27:34",3558700
29.05,0.45,7700,"bu","11:27:07",3558500
29,0.4,500,"sd","11:27:04",3550800
29.05,0.45,2000,"bu","11:26:56",3550300
29.05,0.45,1000,"bu","11:26:50",3548300
29,0.4,100,"sd","11:26:44",3547300
29.05,0.45,1100,"bu","11:26:37",3547200
29.05,0.45,5000,"bu","11:26:15",3546100
29.05,0.45,7000,"bu","11:26:13",3541100
29.05,0.45,1100,"bu","11:26:07",3534100
29.05,0.45,10000,"bu","11:25:47",3533000
29,0.4,100,"sd","11:25:44",3523000
29.05,0.45,700,"bu","11:25:37",3522900
29.05,0.45,400,"bu","11:25:36",3522200
29.05,0.45,2000,"bu","11:25:29",3521800
29.05,0.45,1100,"bu","11:25:05",3519800
29,0.4,300,"sd","11:25:02",3518700
29,0.4,200,"sd","11:25:01",3518400
29,0.4,500,"sd","11:24:54",3518200
29,0.4,200,"sd","11:24:52",3517700
29,0.4,200,"sd","11:24:42",3517500
29.05,0.45,1100,"bu","11:24:35",3517300
29,0.4,3000,"sd","11:24:21",3516200
29,0.4,1000,"sd","11:24:15",3513200
29.05,0.45,1300,"bu","11:24:09",3512200
29.05,0.45,6200,"bu","11:24:07",3510900
29.05,0.45,1100,"bu","11:24:05",3504700
29,0.4,1000,"sd","11:23:55",3503600
29.05,0.45,1100,"bu","11:23:35",3502600
29.05,0.45,1300,"bu","11:23:23",3501500
29.05,0.45,2000,"bu","11:23:20",3500200
29.05,0.45,1100,"bu","11:23:05",3498200
29,0.4,200,"sd","11:22:55",3497100
29,0.4,200,"sd","11:22:52",3496900
29,0.4,377200,"bu","11:22:51",3496700
28.95,0.35,108700,"bu","11:22:51",3119500
28.95,0.35,2000,"bu","11:22:36",3010800
28.95,0.35,1100,"bu","11:22:35",3008800
28.95,0.35,1100,"bu","11:22:05",3007700
28.9,0.3,100,"sd","11:22:03",3006600
28.95,0.35,1300,"bu","11:22:03",3006500
28.9,0.3,9100,"sd","11:22:03",3005200
28.9,0.3,900,"sd","11:22:02",2996100
28.95,0.35,2000,"bu","11:21:52",2995200
28.95,0.35,1300,"bu","11:21:39",2993200
28.95,0.35,1100,"bu","11:21:35",2991900
28.95,0.35,1300,"bu","11:21:14",2990800
28.95,0.35,1000,"bu","11:21:13",2989500
28.95,0.35,2000,"bu","11:21:09",2988500
28.95,0.35,6200,"bu","11:21:07",2986500
28.9,0.3,5000,"sd","11:21:06",2980300
28.95,0.35,1100,"bu","11:21:05",2975300
28.95,0.35,1300,"bu","11:20:47",2974200
28.95,0.35,1100,"bu","11:20:34",2972900
28.95,0.35,2000,"bu","11:20:29",2971800
28.95,0.35,1300,"bu","11:20:17",2969800
28.95,0.35,1100,"bu","11:20:04",2968500
28.9,0.3,5000,"sd","11:19:57",2967400
28.9,0.3,100,"sd","11:19:54",2962400
28.95,0.35,2000,"bu","11:19:42",2962300
28.95,0.35,1100,"bu","11:19:35",2960300
28.9,0.3,100,"sd","11:19:13",2959200
28.95,0.35,1100,"bu","11:19:04",2959100
28.9,0.3,10000,"sd","11:18:45",2958000
28.9,0.3,10000,"sd","11:18:44",2948000
28.95,0.35,1000,"bu","11:18:34",2938000
28.95,0.35,2000,"bu","11:18:16",2937000
28.95,0.35,6200,"bu","11:18:06",2935000
28.95,0.35,1000,"bu","11:18:04",2928800
28.9,0.3,200,"sd","11:17:36",2927800
28.95,0.35,1000,"bu","11:17:34",2927600
28.95,0.35,2000,"bu","11:17:32",2926600
28.95,0.35,1000,"bu","11:17:03",2924600
28.9,0.3,20000,"sd","11:16:59",2923600
28.95,0.35,2000,"bu","11:16:49",2903600
28.95,0.35,1000,"bu","11:16:33",2901600
28.95,0.35,2000,"bu","11:16:05",2900600
28.95,0.35,1000,"bu","11:16:03",2898600
28.95,0.35,1000,"bu","11:15:30",2897600
28.95,0.35,2000,"bu","11:15:23",2896600
28.95,0.35,6500,"bu","11:15:07",2894600
28.95,0.35,1000,"bu","11:14:59",2888100
28.9,0.3,1000,"sd","11:14:55",2887100
28.9,0.3,100,"sd","11:14:51",2886100
28.9,0.3,500,"sd","11:14:50",2886000
28.9,0.3,3000,"sd","11:14:36",2885500
28.95,0.35,1000,"bu","11:14:29",2882500
28.9,0.3,10000,"sd","11:14:23",2881500
28.9,0.3,200,"sd","11:14:04",2871500
28.95,0.35,1000,"bu","11:13:59",2871300
28.95,0.35,2000,"bu","11:13:56",2870300
28.95,0.35,200,"bu","11:13:36",2868300
28.95,0.35,1000,"bu","11:13:29",2868100
28.95,0.35,2000,"bu","11:13:13",2867100
28.95,0.35,10000,"bu","11:13:09",2865100
28.95,0.35,1000,"bu","11:12:59",2855100
28.95,0.35,3000,"sd","11:12:58",2854100
29,0.4,1000,"bu","11:12:29",2851100
28.95,0.35,5500,"bu","11:12:07",2850100
28.9,0.3,100,"sd","11:12:00",2844600
28.95,0.35,1000,"bu","11:11:59",2844500
28.95,0.35,2000,"bu","11:11:46",2843500
28.95,0.35,1000,"bu","11:11:31",2841500
28.95,0.35,1000,"bu","11:11:29",2840500
28.95,0.35,2000,"bu","11:11:02",2839500
28.95,0.35,3000,"bu","11:10:58",2837500
28.95,0.35,5000,"sd","11:10:52",2834500
29,0.4,100,"bu","11:10:35",2829500
29,0.4,1000,"bu","11:10:29",2829400
29,0.4,2000,"bu","11:10:18",2828400
29,0.4,100,"bu","11:09:59",2826400
29,0.4,100,"bu","11:09:58",2826300
28.95,0.35,800,"bu","11:09:58",2826200
28.95,0.35,30000,"bu","11:09:53",2825400
28.95,0.35,2000,"bu","11:09:35",2795400
28.95,0.35,1000,"bu","11:09:28",2793400
28.95,0.35,6300,"bu","11:09:07",2792400
28.95,0.35,1000,"bu","11:08:58",2786100
28.95,0.35,2000,"bu","11:08:52",2785100
28.95,0.35,1000,"bu","11:08:28",2783100
28.95,0.35,2000,"bu","11:08:08",2782100
28.95,0.35,1000,"bu","11:07:58",2780100
28.95,0.35,1000,"bu","11:07:28",2779100
28.95,0.35,2000,"bu","11:07:26",2778100
28.95,0.35,1000,"bu","11:06:58",2776100
28.9,0.3,300,"sd","11:06:36",2775100
28.95,0.35,1000,"bu","11:06:28",2774800
28.95,0.35,5000,"bu","11:06:25",2773800
28.95,0.35,2000,"bu","11:05:58",2768800
28.95,0.35,1000,"bu","11:05:57",2766800
28.95,0.35,100,"bu","11:05:51",2765800
28.95,0.35,1000,"bu","11:05:28",2765700
28.95,0.35,2000,"bu","11:05:16",2764700
28.95,0.35,1000,"bu","11:04:57",2762700
28.95,0.35,38000,"bu","11:04:56",2761700
28.95,0.35,1000,"bu","11:04:45",2723700
28.9,0.3,700,"sd","11:04:35",2722700
28.95,0.35,2000,"bu","11:04:31",2722000
28.95,0.35,1000,"bu","11:04:27",2720000
28.95,0.35,1000,"bu","11:03:57",2719000
28.9,0.3,3000,"sd","11:03:45",2718000
28.95,0.35,1000,"bu","11:03:27",2715000
28.9,0.3,10000,"sd","11:03:15",2714000
28.9,0.3,500,"sd","11:03:06",2704000
28.95,0.35,2000,"bu","11:03:06",2703500
28.95,0.35,5000,"bu","11:03:01",2701500
28.9,0.3,1500,"sd","11:02:57",2696500
28.95,0.35,1000,"bu","11:02:57",2695000
28.95,0.35,2100,"bu","11:02:41",2694000
28.95,0.35,1000,"bu","11:02:27",2691900
28.9,0.3,700,"bu","11:02:08",2690900
28.9,0.3,2000,"bu","11:02:06",2690200
28.9,0.3,1000,"sd","11:02:01",2688200
28.9,0.3,3900,"sd","11:01:59",2687200
28.95,0.35,1000,"bu","11:01:57",2683300
28.9,0.3,3200,"sd","11:01:53",2682300
28.9,0.3,5000,"bu","11:01:30",2679100
28.9,0.3,1000,"bu","11:01:26",2674100
28.9,0.3,100,"bu","11:01:16",2673100
28.85,0.25,500,"sd","11:01:07",2673000
28.9,0.3,5000,"bu","11:01:06",2672500
28.9,0.3,1000,"bu","11:00:56",2667500
28.8,0.2,5000,"sd","11:00:43",2666500
28.85,0.25,59700,"bu","11:00:43",2661500
28.85,0.25,30000,"bu","11:00:37",2601800
28.85,0.25,1000,"bu","11:00:26",2571800
28.85,0.25,20000,"bu","11:00:21",2570800
28.85,0.25,100,"bu","11:00:19",2550800
28.85,0.25,2000,"bu","11:00:11",2550700
28.85,0.25,5000,"bu","10:59:59",2548700
28.85,0.25,1000,"bu","10:59:56",2543700
28.8,0.2,10000,"sd","10:59:49",2542700
28.85,0.25,900,"bu","10:59:43",2532700
28.85,0.25,6300,"bu","10:59:41",2531800
28.85,0.25,2000,"bu","10:59:28",2525500
28.85,0.25,1000,"bu","10:59:26",2523500
28.8,0.2,66100,"bu","10:59:18",2522500
28.8,0.2,20000,"bu","10:59:02",2456400
28.75,0.15,200,"sd","10:58:59",2436400
28.8,0.2,1000,"bu","10:58:56",2436200
28.75,0.15,500,"sd","10:58:51",2435200
28.8,0.2,2000,"bu","10:58:44",2434700
28.8,0.2,300,"bu","10:58:41",2432700
28.75,0.15,500,"sd","10:58:35",2432400
28.8,0.2,1000,"bu","10:58:26",2431900
28.75,0.15,300,"sd","10:58:25",2430900
28.8,0.2,1200,"bu","10:58:22",2430600
28.8,0.2,2000,"bu","10:58:13",2429400
28.8,0.2,2000,"bu","10:58:02",2427400
28.8,0.2,1000,"bu","10:57:56",2425400
28.75,0.15,1000,"sd","10:57:31",2424400
28.8,0.2,1000,"bu","10:57:25",2423400
28.8,0.2,5000,"bu","10:57:24",2422400
28.75,0.15,100,"sd","10:57:03",2417400
28.75,0.15,3000,"sd","10:57:00",2417300
28.75,0.15,10000,"sd","10:56:57",2414300
28.8,0.2,1000,"bu","10:56:55",2404300
28.75,0.15,7000,"sd","10:56:53",2403300
28.75,0.15,200,"sd","10:56:45",2396300
28.75,0.15,500,"sd","10:56:44",2396100
28.8,0.2,6300,"bu","10:56:41",2395600
28.75,0.15,100,"sd","10:56:40",2389300
28.8,0.2,2000,"bu","10:56:34",2389200
28.8,0.2,1000,"bu","10:56:25",2387200
28.75,0.15,500,"sd","10:56:13",2386200
28.8,0.2,400,"bu","10:56:05",2385700
28.8,0.2,1000,"bu","10:55:55",2385300
28.75,0.15,500,"sd","10:55:46",2384300
28.75,0.15,300,"sd","10:55:45",2383800
28.8,0.2,1000,"bu","10:55:25",2383500
28.8,0.2,1600,"bu","10:55:13",2382500
28.8,0.2,5000,"bu","10:55:10",2380900
28.8,0.2,2000,"bu","10:55:08",2375900
28.8,0.2,11400,"bu","10:55:07",2373900
28.8,0.2,11600,"bu","10:55:06",2362500
28.8,0.2,2600,"bu","10:54:55",2350900
28.8,0.2,1000,"bu","10:54:55",2348300
28.8,0.2,100,"bu","10:54:44",2347300
28.8,0.2,1000,"bu","10:54:25",2347200
28.75,0.15,5000,"sd","10:54:21",2346200
28.8,0.2,500,"bu","10:54:16",2341200
28.8,0.2,1000,"bu","10:54:14",2340700
28.8,0.2,100,"bu","10:54:04",2339700
28.75,0.15,100,"sd","10:54:03",2339600
28.75,0.15,1000,"sd","10:53:55",2339500
28.8,0.2,1000,"bu","10:53:55",2338500
28.75,0.15,200,"sd","10:53:44",2337500
28.75,0.15,1800,"bu","10:53:40",2337300
28.75,0.15,1300,"bu","10:53:30",2335500
28.75,0.15,5000,"bu","10:53:28",2334200
28.75,0.15,1000,"bu","10:53:25",2329200
28.75,0.15,2200,"bu","10:53:06",2328200
28.75,0.15,2000,"bu","10:52:57",2326000
28.75,0.15,1000,"bu","10:52:55",2324000
28.7,0.1,2000,"sd","10:52:46",2323000
28.7,0.1,300,"sd","10:52:42",2321000
28.7,0.1,5000,"sd","10:52:41",2320700
28.7,0.1,6000,"sd","10:52:31",2315700
28.7,0.1,6800,"sd","10:52:24",2309700
28.75,0.15,1000,"bu","10:52:24",2302900
28.7,0.1,1000,"sd","10:52:18",2301900
28.75,0.15,2000,"bu","10:52:14",2300900
28.75,0.15,1000,"bu","10:51:54",2298900
28.7,0.1,100,"sd","10:51:50",2297900
28.7,0.1,800,"sd","10:51:33",2297800
28.75,0.15,2000,"bu","10:51:30",2297000
28.75,0.15,1000,"bu","10:51:24",2295000
28.7,0.1,5000,"sd","10:51:16",2294000
28.75,0.15,500,"bu","10:51:13",2289000
28.7,0.1,100,"sd","10:51:09",2288500
28.7,0.1,9500,"sd","10:51:08",2288400
28.75,0.15,200,"bu","10:50:59",2278900
28.75,0.15,1000,"bu","10:50:54",2278700
28.75,0.15,6600,"sd","10:50:53",2277700
28.75,0.15,1000,"sd","10:50:50",2271100
28.8,0.2,2000,"bu","10:50:47",2270100
28.8,0.2,500,"bu","10:50:39",2268100
28.75,0.15,5900,"sd","10:50:38",2267600
28.8,0.2,1000,"bu","10:50:24",2261700
28.8,0.2,700,"sd","10:50:16",2260700
28.8,0.2,5000,"sd","10:50:15",2260000
28.8,0.2,100,"sd","10:50:13",2255000
28.8,0.2,10000,"sd","10:50:10",2254900
28.8,0.2,500,"sd","10:49:59",2244900
28.85,0.25,1000,"bu","10:49:54",2244400
28.8,0.2,1300,"sd","10:49:51",2243400
28.8,0.2,100,"sd","10:49:46",2242100
28.8,0.2,1000,"sd","10:49:35",2242000
28.8,0.2,100,"sd","10:49:34",2241000
28.85,0.25,200,"bu","10:49:33",2240900
28.8,0.2,1200,"bu","10:49:27",2240700
28.8,0.2,1000,"bu","10:49:24",2239500
28.75,0.15,500,"bu","10:49:21",2238500
28.75,0.15,3500,"sd","10:49:20",2238000
28.8,0.2,47800,"sd","10:49:01",2234500
28.85,0.25,1000,"bu","10:48:54",2186700
28.85,0.25,300,"bu","10:48:43",2185700
28.85,0.25,85800,"sd","10:48:42",2185400
28.9,0.3,2000,"bu","10:48:37",2099600
28.9,0.3,400,"bu","10:48:34",2097600
28.9,0.3,100,"bu","10:48:24",2097200
28.9,0.3,1000,"bu","10:48:23",2097100
28.9,0.3,19400,"sd","10:48:21",2096100
28.9,0.3,500,"sd","10:48:20",2076700
28.9,0.3,2000,"sd","10:48:19",2076200
28.9,0.3,5000,"sd","10:48:16",2074200
28.9,0.3,4000,"sd","10:48:14",2069200
28.9,0.3,30000,"sd","10:48:12",2065200
28.9,0.3,3900,"sd","10:48:10",2035200
28.9,0.3,1300,"sd","10:48:06",2031300
28.9,0.3,20000,"sd","10:48:01",2030000
28.9,0.3,600,"sd","10:47:57",2010000
28.95,0.35,1000,"bu","10:47:53",2009400
28.9,0.3,600,"sd","10:47:52",2008400
28.9,0.3,600,"sd","10:47:49",2007800
28.95,0.35,1000,"bu","10:47:23",2007200
28.95,0.35,2000,"bu","10:47:11",2006200
28.95,0.35,2000,"bu","10:46:56",2004200
28.95,0.35,1000,"bu","10:46:53",2002200
28.9,0.3,20000,"sd","10:46:53",2001200
28.95,0.35,6500,"bu","10:46:41",1981200
28.95,0.35,2000,"bu","10:46:28",1974700
28.95,0.35,1000,"bu","10:46:23",1972700
28.95,0.35,300,"bu","10:46:10",1971700
28.95,0.35,1000,"bu","10:45:53",1971400
28.9,0.3,5000,"sd","10:45:37",1970400
28.95,0.35,1000,"bu","10:45:23",1965400
28.95,0.35,800,"bu","10:45:20",1964400
28.95,0.35,500,"bu","10:45:02",1963600
28.9,0.3,700,"sd","10:44:58",1963100
28.95,0.35,1000,"bu","10:44:53",1962400
28.95,0.35,10000,"bu","10:44:43",1961400
28.95,0.35,1000,"bu","10:44:23",1951400
28.95,0.35,2000,"bu","10:44:17",1950400
28.95,0.35,200,"bu","10:44:11",1948400
28.95,0.35,1000,"bu","10:43:52",1948200
28.95,0.35,6800,"bu","10:43:40",1947200
28.95,0.35,2000,"bu","10:43:34",1940400
28.95,0.35,1000,"bu","10:43:22",1938400
28.9,0.3,1000,"sd","10:43:06",1937400
28.95,0.35,3900,"bu","10:43:06",1936400
28.95,0.35,1000,"bu","10:42:53",1932500
28.9,0.3,1000,"sd","10:42:34",1931500
28.95,0.35,5000,"bu","10:42:33",1930500
28.95,0.35,1000,"bu","10:42:22",1925500
28.9,0.3,500,"sd","10:42:12",1924500
28.9,0.3,3300,"sd","10:42:09",1924000
28.9,0.3,300,"sd","10:41:55",1920700
28.95,0.35,1000,"bu","10:41:52",1920400
28.9,0.3,1300,"sd","10:41:46",1919400
28.95,0.35,1000,"bu","10:41:28",1918100
28.95,0.35,2000,"bu","10:41:24",1917100
28.95,0.35,1000,"bu","10:41:22",1915100
28.95,0.35,2200,"bu","10:41:15",1914100
28.95,0.35,900,"bu","10:40:54",1911900
28.95,0.35,1000,"bu","10:40:52",1911000
28.9,0.3,500,"sd","10:40:47",1910000
28.9,0.3,5000,"sd","10:40:44",1909500
28.95,0.35,2000,"bu","10:40:40",1904500
28.95,0.35,100,"bu","10:40:37",1902500
28.95,0.35,1000,"bu","10:40:21",1902400
28.95,0.35,200,"bu","10:40:11",1901400
28.9,0.3,100,"sd","10:40:05",1901200
28.9,0.3,400,"sd","10:39:59",1901100
28.9,0.3,20000,"sd","10:39:57",1900700
28.95,0.35,2000,"bu","10:39:56",1880700
28.95,0.35,1000,"bu","10:39:51",1878700
28.9,0.3,300,"sd","10:39:40",1877700
28.9,0.3,4000,"sd","10:39:26",1877400
28.95,0.35,1000,"bu","10:39:21",1873400
28.95,0.35,2000,"bu","10:39:13",1872400
28.95,0.35,5000,"bu","10:39:06",1870400
28.95,0.35,1000,"bu","10:38:51",1865400
28.9,0.3,5000,"sd","10:38:40",1864400
28.95,0.35,400,"bu","10:38:36",1859400
28.95,0.35,2000,"bu","10:38:31",1859000
28.95,0.35,1000,"bu","10:38:21",1857000
28.95,0.35,7000,"sd","10:38:06",1856000
29,0.4,1000,"bu","10:37:50",1849000
28.95,0.35,15400,"sd","10:37:43",1848000
28.95,0.35,1900,"sd","10:37:38",1832600
29,0.4,1000,"bu","10:37:20",1830700
29,0.4,100,"bu","10:37:07",1829700
28.95,0.35,200,"sd","10:37:06",1829600
28.95,0.35,500,"sd","10:37:05",1829400
28.95,0.35,400,"sd","10:37:01",1828900
28.95,0.35,20000,"sd","10:36:59",1828500
29,0.4,1000,"bu","10:36:51",1808500
28.95,0.35,200,"sd","10:36:45",1807500
28.95,0.35,7000,"sd","10:36:34",1807300
28.95,0.35,300,"sd","10:36:29",1800300
28.95,0.35,500,"sd","10:36:25",1800000
29,0.4,1000,"bu","10:36:20",1799500
28.95,0.35,1400,"sd","10:36:16",1798500
28.95,0.35,200,"sd","10:36:11",1797100
28.95,0.35,1500,"sd","10:36:00",1796900
29,0.4,1000,"bu","10:35:50",1795400
28.95,0.35,700,"sd","10:35:48",1794400
28.95,0.35,18700,"sd","10:35:41",1793700
28.95,0.35,1000,"sd","10:35:35",1775000
28.95,0.35,2700,"sd","10:35:32",1774000
28.95,0.35,25500,"sd","10:35:30",1771300
28.95,0.35,1000,"sd","10:35:28",1745800
28.95,0.35,2000,"sd","10:35:26",1744700
28.95,0.35,5000,"sd","10:35:25",1742700
28.95,0.35,100,"sd","10:35:22",1737700
28.95,0.35,100,"sd","10:35:21",1737600
28.95,0.35,300,"sd","10:35:09",1736500
28.95,0.35,1000,"sd","10:35:06",1736200
28.95,0.35,3000,"sd","10:35:03",1735200
28.95,0.35,200,"sd","10:34:56",1732200
29,0.4,1000,"bu","10:34:50",1732000
28.95,0.35,14500,"bu","10:34:49",1731000
28.95,0.35,600,"sd","10:34:43",1716500
28.95,0.35,2500,"sd","10:34:43",1715900
28.95,0.35,2000,"bu","10:34:37",1713400
28.95,0.35,4900,"bu","10:34:37",1711400
28.95,0.35,1000,"bu","10:34:20",1706500
28.9,0.3,10000,"sd","10:34:17",1705500
28.95,0.35,7700,"sd","10:34:16",1695500
28.95,0.35,3900,"sd","10:34:14",1687800
28.95,0.35,1000,"sd","10:34:13",1683900
28.95,0.35,8000,"sd","10:34:10",1682900
28.95,0.35,300,"sd","10:34:05",1674900
28.95,0.35,1000,"sd","10:33:58",1674600
28.95,0.35,400,"sd","10:33:56",1673600
28.95,0.35,8300,"sd","10:33:54",1673200
29,0.4,1000,"bu","10:33:49",1664900
28.95,0.35,1000,"sd","10:33:45",1663900
28.95,0.35,500,"sd","10:33:44",1662900
29,0.4,6700,"bu","10:33:43",1662400
28.95,0.35,500,"sd","10:33:41",1655700
28.95,0.35,100,"sd","10:33:29",1655200
28.95,0.35,200,"sd","10:33:27",1655100
28.95,0.35,300,"sd","10:33:21",1654900
29,0.4,1000,"bu","10:33:20",1654600
28.95,0.35,300,"sd","10:33:10",1653600
29,0.4,1000,"bu","10:32:49",1653300
28.95,0.35,20000,"sd","10:32:45",1652300
28.95,0.35,100,"sd","10:32:44",1632300
28.95,0.35,200,"sd","10:32:42",1632200
28.95,0.35,1300,"sd","10:32:34",1632000
28.95,0.35,300,"sd","10:32:26",1630700
28.95,0.35,500,"sd","10:32:25",1630400
28.95,0.35,600,"sd","10:32:19",1629900
29,0.4,1000,"bu","10:32:19",1629300
28.95,0.35,1300,"sd","10:31:55",1628300
28.95,0.35,1000,"sd","10:31:51",1627000
28.95,0.35,600,"sd","10:31:50",1626000
29,0.4,1000,"bu","10:31:49",1625400
28.95,0.35,600,"sd","10:31:45",1624400
28.95,0.35,600,"sd","10:31:40",1623800
28.95,0.35,600,"sd","10:31:36",1623200
29,0.4,5000,"bu","10:31:31",1622600
28.95,0.35,600,"sd","10:31:29",1617600
29,0.4,1000,"bu","10:31:19",1617000
28.95,0.35,500,"sd","10:31:14",1616000
28.95,0.35,100,"sd","10:31:14",1615500
29,0.4,500,"bu","10:31:10",1615400
28.95,0.35,1300,"sd","10:31:09",1614900
29,0.4,1000,"bu","10:30:49",1613600
29,0.4,6900,"bu","10:30:43",1612600
29,0.4,100,"bu","10:30:35",1605700
29,0.4,1000,"bu","10:30:19",1605600
29,0.4,1300,"bu","10:30:05",1604600
28.95,0.35,200,"sd","10:30:01",1603300
28.95,0.35,100,"sd","10:29:55",1603100
29,0.4,1000,"bu","10:29:49",1603000
28.95,0.35,2000,"sd","10:29:46",1602000
28.95,0.35,2000,"sd","10:29:44",1600000
28.95,0.35,2000,"sd","10:29:42",1598000
28.95,0.35,1000,"sd","10:29:22",1596000
28.95,0.35,1300,"sd","10:29:19",1595000
29,0.4,1000,"bu","10:29:18",1593700
28.95,0.35,100,"sd","10:28:48",1592700
29,0.4,800,"bu","10:28:45",1592600
29,0.4,200,"bu","10:28:44",1591800
28.95,0.35,100,"sd","10:28:34",1591600
28.95,0.35,2000,"sd","10:28:26",1591500
28.95,0.35,1700,"sd","10:28:14",1589500
29,0.4,1000,"bu","10:28:14",1587800
28.95,0.35,6000,"sd","10:28:13",1586800
29,0.4,1000,"bu","10:27:44",1580800
29,0.4,6400,"bu","10:27:43",1579800
28.95,0.35,300,"sd","10:27:32",1573400
28.95,0.35,10000,"sd","10:27:30",1573100
28.95,0.35,100,"sd","10:27:20",1563100
28.95,0.35,3000,"sd","10:27:16",1563000
29,0.4,1000,"bu","10:27:14",1560000
28.95,0.35,100,"sd","10:27:13",1559000
29,0.4,100,"bu","10:27:08",1558900
29,0.4,300,"bu","10:26:44",1558800
29,0.4,700,"bu","10:26:44",1558500
28.95,0.35,1500,"sd","10:26:31",1557800
28.95,0.35,200,"sd","10:26:31",1556300
29,0.4,1000,"bu","10:26:14",1556100
29,0.4,1000,"bu","10:25:44",1555100
28.95,0.35,3000,"sd","10:25:28",1554100
28.95,0.35,40300,"bu","10:25:20",1551100
28.95,0.35,1000,"bu","10:25:14",1510800
28.95,0.35,1400,"bu","10:25:11",1509800
28.95,0.35,3600,"bu","10:25:10",1508400
28.9,0.3,3800,"sd","10:24:56",1504800
28.95,0.35,1000,"bu","10:24:44",1501000
28.95,0.35,6900,"bu","10:24:43",1500000
28.95,0.35,1500,"bu","10:24:24",1493100
28.95,0.35,1000,"bu","10:24:13",1491600
28.95,0.35,1000,"bu","10:23:44",1490600
28.9,0.3,5000,"sd","10:23:17",1489600
28.95,0.35,800,"bu","10:23:14",1484600
28.95,0.35,200,"bu","10:23:13",1483800
28.9,0.3,300,"sd","10:23:07",1483600
28.9,0.3,3000,"sd","10:23:03",1483300
28.9,0.3,5000,"sd","10:22:50",1480300
28.95,0.35,1000,"bu","10:22:43",1475300
28.9,0.3,2900,"sd","10:22:39",1474300
28.95,0.35,1000,"bu","10:22:13",1471400
28.95,0.35,8000,"bu","10:21:43",1470400
28.9,0.3,500,"sd","10:21:38",1462400
28.9,0.3,500,"sd","10:21:36",1461900
28.95,0.35,1000,"bu","10:21:13",1461400
28.95,0.35,1000,"bu","10:20:43",1460400
28.95,0.35,100,"bu","10:20:16",1459400
28.95,0.35,1000,"bu","10:20:13",1459300
28.95,0.35,1000,"bu","10:19:43",1458300
28.9,0.3,1000,"sd","10:19:29",1457300
28.95,0.35,1000,"bu","10:19:13",1456300
28.9,0.3,500,"sd","10:19:12",1455300
28.9,0.3,2100,"sd","10:19:08",1454800
28.95,0.35,300,"bu","10:18:58",1452700
28.95,0.35,7700,"bu","10:18:43",1452400
28.9,0.3,2000,"sd","10:18:35",1444700
28.9,0.3,5000,"sd","10:18:14",1442700
28.95,0.35,1000,"bu","10:18:12",1437700
28.95,0.35,3900,"bu","10:17:49",1436700
28.95,0.35,1000,"bu","10:17:42",1432800
28.95,0.35,100,"bu","10:17:31",1431800
28.95,0.35,1000,"bu","10:17:12",1431700
28.9,0.3,200,"sd","10:16:57",1430700
28.95,0.35,100,"bu","10:16:51",1430500
28.95,0.35,1000,"bu","10:16:42",1430400
28.95,0.35,1000,"bu","10:16:12",1429400
28.95,0.35,500,"bu","10:15:59",1428400
28.95,0.35,1000,"bu","10:15:42",1427900
28.95,0.35,1000,"bu","10:15:12",1426900
28.95,0.35,1000,"bu","10:14:42",1425900
28.9,0.3,100,"sd","10:14:35",1424900
28.9,0.3,8700,"sd","10:14:15",1424800
28.95,0.35,1000,"bu","10:14:11",1416100
28.95,0.35,100,"bu","10:14:09",1415100
28.9,0.3,200,"sd","10:13:50",1415000
28.95,0.35,100,"bu","10:13:43",1414800
28.95,0.35,1000,"bu","10:13:41",1414700
28.95,0.35,5000,"bu","10:13:31",1413700
28.95,0.35,100,"bu","10:13:18",1408700
28.95,0.35,1000,"bu","10:13:11",1408600
28.95,0.35,1000,"bu","10:12:41",1407600
28.95,0.35,5000,"bu","10:12:28",1406600
28.95,0.35,200,"bu","10:12:21",1401600
28.95,0.35,40100,"sd","10:12:13",1401400
29,0.4,6900,"bu","10:12:12",1361300
29,0.4,1000,"bu","10:12:11",1354400
28.95,0.35,3200,"sd","10:12:08",1353400
28.95,0.35,2200,"sd","10:11:46",1350200
28.95,0.35,2800,"sd","10:11:45",1348000
28.95,0.35,500,"sd","10:11:42",1345200
29,0.4,1000,"bu","10:11:41",1344700
29,0.4,3900,"bu","10:11:23",1343700
29,0.4,1000,"bu","10:11:11",1339800
29,0.4,1000,"bu","10:10:41",1338800
28.95,0.35,100,"sd","10:10:36",1337800
29,0.4,1000,"bu","10:10:11",1337700
28.95,0.35,4000,"sd","10:10:04",1336700
28.95,0.35,100,"sd","10:09:56",1332700
28.95,0.35,5000,"sd","10:09:53",1332600
28.95,0.35,200,"sd","10:09:50",1327600
29,0.4,1000,"bu","10:09:41",1327400
28.95,0.35,100,"sd","10:09:25",1326400
28.95,0.35,100,"sd","10:09:15",1326300
29,0.4,100,"bu","10:09:14",1326200
29,0.4,400,"bu","10:09:13",1326100
29,0.4,6600,"bu","10:09:12",1325700
29,0.4,1000,"bu","10:09:11",1319100
29,0.4,100,"bu","10:09:06",1318100
29,0.4,100,"bu","10:08:49",1318000
29,0.4,1000,"bu","10:08:40",1317900
29,0.4,1000,"bu","10:08:11",1316900
28.95,0.35,100,"sd","10:08:04",1315900
28.95,0.35,2000,"sd","10:07:59",1315800
28.95,0.35,5000,"sd","10:07:53",1313800
28.95,0.35,1600,"sd","10:07:40",1308800
29,0.4,1000,"bu","10:07:40",1307200
29,0.4,1100,"bu","10:07:13",1306200
29,0.4,1000,"bu","10:07:10",1305100
28.95,0.35,1600,"sd","10:07:09",1304100
28.95,0.35,100,"sd","10:07:02",1302500
29,0.4,1000,"bu","10:06:40",1302400
28.95,0.35,1000,"sd","10:06:38",1301400
28.95,0.35,100,"sd","10:06:24",1300400
29,0.4,600,"bu","10:06:15",1300300
29,0.4,1000,"bu","10:06:10",1299700
29,0.4,600,"bu","10:06:09",1298700
28.95,0.35,100,"sd","10:06:03",1298100
28.95,0.35,100,"sd","10:06:03",1298000
29,0.4,600,"bu","10:05:53",1297900
28.95,0.35,5000,"sd","10:05:48",1297300
29,0.4,1000,"bu","10:05:40",1292300
28.95,0.35,500,"sd","10:05:37",1291300
28.95,0.35,5000,"sd","10:05:22",1290800
29,0.4,1000,"bu","10:05:10",1285800
28.95,0.35,3700,"bu","10:04:53",1284800
28.95,0.35,500,"bu","10:04:40",1281100
28.95,0.35,1000,"bu","10:04:40",1280600
28.95,0.35,3000,"bu","10:04:37",1279600
28.95,0.35,5000,"bu","10:04:33",1276600
28.95,0.35,4000,"bu","10:04:19",1271600
28.95,0.35,300,"bu","10:04:13",1267600
28.95,0.35,1000,"bu","10:04:10",1267300
28.95,0.35,1000,"bu","10:03:40",1266300
28.95,0.35,1000,"bu","10:03:09",1265300
28.95,0.35,1500,"sd","10:03:01",1264300
28.95,0.35,200,"sd","10:02:46",1262800
29,0.4,1000,"bu","10:02:39",1262600
28.95,0.35,2000,"sd","10:02:39",1261600
28.95,0.35,5000,"sd","10:02:35",1259600
29,0.4,7000,"bu","10:02:34",1254600
29,0.4,1000,"bu","10:02:09",1247600
28.95,0.35,500,"sd","10:02:07",1246600
28.95,0.35,500,"sd","10:01:59",1246100
28.95,0.35,100,"sd","10:01:58",1245600
28.95,0.35,200,"sd","10:01:56",1245500
28.95,0.35,500,"sd","10:01:46",1245300
28.95,0.35,1000,"bu","10:01:45",1244800
28.95,0.35,1000,"bu","10:01:39",1243800
28.95,0.35,4500,"bu","10:01:29",1242800
28.9,0.3,500,"sd","10:01:29",1238300
28.95,0.35,100,"bu","10:01:28",1237800
28.95,0.35,400,"bu","10:01:22",1237700
28.95,0.35,1000,"bu","10:01:09",1237300
28.95,0.35,8100,"sd","10:00:57",1236300
28.95,0.35,400,"sd","10:00:43",1228200
28.95,0.35,2000,"sd","10:00:39",1227800
29,0.4,1000,"bu","10:00:39",1225800
28.95,0.35,500,"sd","10:00:30",1224800
28.95,0.35,5000,"bu","10:00:20",1224300
28.9,0.3,5900,"sd","10:00:11",1219300
28.95,0.35,1000,"bu","10:00:09",1213400
28.95,0.35,200,"sd","09:59:59",1212400
28.95,0.35,500,"bu","09:59:57",1212200
28.95,0.35,5000,"bu","09:59:54",1211700
28.95,0.35,300,"bu","09:59:48",1206700
28.95,0.35,5000,"bu","09:59:39",1206400
28.95,0.35,1300,"bu","09:59:39",1201400
28.95,0.35,6800,"bu","09:59:34",1200100
28.9,0.3,100,"sd","09:59:32",1193300
28.95,0.35,1000,"bu","09:59:09",1193200
28.95,0.35,1000,"bu","09:58:41",1192200
28.95,0.35,100,"bu","09:58:22",1191200
28.95,0.35,1000,"bu","09:57:55",1191100
28.95,0.35,100,"bu","09:57:39",1190100
28.95,0.35,4000,"sd","09:57:36",1190000
29,0.4,1000,"bu","09:57:25",1186000
29,0.4,30000,"bu","09:57:15",1185000
28.95,0.35,100,"sd","09:57:04",1155000
29,0.4,1000,"bu","09:56:55",1154900
28.95,0.35,2000,"bu","09:56:38",1153900
28.95,0.35,6500,"bu","09:56:34",1151900
28.95,0.35,1000,"bu","09:56:25",1145400
28.95,0.35,5000,"bu","09:56:23",1144400
28.95,0.35,1000,"bu","09:55:55",1139400
28.9,0.3,5000,"sd","09:55:37",1138400
28.95,0.35,100,"bu","09:55:26",1133400
28.95,0.35,1000,"bu","09:55:25",1133300
28.95,0.35,4000,"bu","09:55:18",1132300
28.95,0.35,800,"sd","09:55:10",1128300
29,0.4,1000,"bu","09:54:59",1127500
28.95,0.35,4200,"bu","09:54:57",1126500
28.95,0.35,1000,"bu","09:54:55",1122300
28.9,0.3,100,"sd","09:54:48",1121300
28.95,0.35,5000,"bu","09:54:35",1121200
28.95,0.35,100,"bu","09:54:30",1116200
28.95,0.35,100,"bu","09:54:30",1116100
28.95,0.35,1000,"bu","09:54:25",1116000
28.95,0.35,2600,"sd","09:54:24",1115000
28.95,0.35,500,"sd","09:54:22",1112400
28.95,0.35,3800,"sd","09:54:21",1111900
28.95,0.35,100,"bu","09:54:07",1108100
28.95,0.35,300,"sd","09:54:05",1108000
28.95,0.35,400,"sd","09:54:00",1107700
29,0.4,1000,"bu","09:53:54",1107300
29,0.4,200,"bu","09:53:52",1106300
28.95,0.35,2000,"sd","09:53:51",1106100
28.95,0.35,400,"sd","09:53:48",1104100
28.95,0.35,1000,"sd","09:53:42",1103700
28.95,0.35,300,"sd","09:53:39",1102700
28.95,0.35,600,"sd","09:53:35",1102400
28.95,0.35,2000,"sd","09:53:30",1101800
29,0.4,1000,"bu","09:53:24",1099800
28.95,0.35,200,"bu","09:53:18",1098800
28.9,0.3,100,"sd","09:53:18",1098600
28.95,0.35,23700,"sd","09:52:58",1098500
29,0.4,1000,"bu","09:52:54",1074800
28.95,0.35,200,"sd","09:52:50",1073800
28.95,0.35,400,"sd","09:52:48",1073600
28.95,0.35,400,"sd","09:52:45",1073200
28.95,0.35,1000,"sd","09:52:43",1072800
28.95,0.35,5000,"sd","09:52:32",1071800
28.95,0.35,600,"sd","09:52:31",1066800
29,0.4,1000,"bu","09:52:24",1066200
28.95,0.35,100,"sd","09:52:15",1065200
28.95,0.35,2000,"sd","09:52:07",1065100
29,0.4,1000,"bu","09:51:54",1063100
28.95,0.35,300,"sd","09:51:28",1062100
29,0.4,1000,"bu","09:51:24",1061800
29,0.4,200,"bu","09:51:19",1060800
29,0.4,1000,"bu","09:50:54",1060600
29,0.4,1000,"bu","09:50:53",1059600
28.95,0.35,4000,"sd","09:50:50",1058600
28.95,0.35,300,"sd","09:50:34",1054600
29,0.4,1000,"bu","09:50:24",1054300
29,0.4,1000,"bu","09:49:54",1053300
28.95,0.35,2000,"sd","09:49:49",1052300
28.95,0.35,2000,"sd","09:49:44",1050300
28.95,0.35,2000,"sd","09:49:40",1048300
28.95,0.35,2000,"sd","09:49:31",1046300
29,0.4,1000,"bu","09:49:24",1044300
28.95,0.35,100,"sd","09:49:05",1043300
28.95,0.35,100,"sd","09:49:01",1043200
28.95,0.35,200,"sd","09:48:54",1043100
29,0.4,1000,"bu","09:48:54",1042900
28.95,0.35,100,"sd","09:48:41",1041900
28.95,0.35,5000,"sd","09:48:28",1041800
29,0.4,1000,"bu","09:48:24",1036800
28.95,0.35,500,"sd","09:48:22",1035800
28.95,0.35,100,"sd","09:48:08",1035300
28.95,0.35,1000,"sd","09:48:01",1035200
29,0.4,1000,"bu","09:47:54",1034200
28.95,0.35,200,"sd","09:47:29",1033200
29,0.4,1000,"bu","09:47:23",1033000
29,0.4,1000,"bu","09:46:53",1032000
29,0.4,100,"bu","09:46:37",1031000
29,0.4,1000,"bu","09:46:23",1030900
29,0.4,500,"bu","09:46:07",1029900
29,0.4,1000,"bu","09:45:53",1029400
28.95,0.35,500,"sd","09:45:39",1028400
28.95,0.35,200,"sd","09:45:34",1027900
28.95,0.35,200,"sd","09:45:29",1027700
29,0.4,1000,"bu","09:45:23",1027500
29,0.4,500,"bu","09:45:06",1026500
29,0.4,5000,"bu","09:44:59",1026000
29,0.4,900,"bu","09:44:53",1021000
29,0.4,100,"bu","09:44:46",1020100
28.95,0.35,100,"sd","09:44:43",1020000
28.95,0.35,500,"bu","09:44:38",1019900
29,0.4,200,"bu","09:44:23",1019400
28.95,0.35,700,"bu","09:44:23",1019200
28.95,0.35,500,"bu","09:44:20",1018500
28.9,0.3,100,"sd","09:44:11",1018000
28.95,0.35,5000,"bu","09:44:11",1017900
28.95,0.35,4400,"bu","09:44:08",1012900
28.95,0.35,3900,"bu","09:43:56",1008500
28.95,0.35,900,"bu","09:43:53",1004600
28.9,0.3,100,"sd","09:43:42",1003700
28.95,0.35,900,"bu","09:43:23",1003600
28.9,0.3,1000,"sd","09:43:22",1002700
28.9,0.3,1500,"sd","09:43:00",1001700
28.95,0.35,3500,"sd","09:43:00",1000200
28.95,0.35,500,"sd","09:42:58",996700
29,0.4,900,"bu","09:42:53",996200
28.95,0.35,1000,"sd","09:42:35",995300
29,0.4,1000,"bu","09:42:25",994300
29,0.4,900,"bu","09:42:23",993300
29,0.4,5100,"bu","09:42:17",992400
28.95,0.35,300,"sd","09:42:12",987300
28.95,0.35,5000,"sd","09:42:04",987000
29,0.4,900,"bu","09:41:53",982000
28.95,0.35,2000,"sd","09:41:50",981100
29,0.4,900,"bu","09:41:23",979100
28.95,0.35,5000,"sd","09:41:17",978200
28.95,0.35,1700,"sd","09:41:15",973200
28.95,0.35,1000,"sd","09:41:04",971500
29,0.4,900,"bu","09:40:52",970500
28.95,0.35,100,"sd","09:40:51",969600
28.95,0.35,10000,"sd","09:40:41",969500
29,0.4,200,"bu","09:40:33",959500
29,0.4,900,"bu","09:40:23",959300
28.95,0.35,5000,"sd","09:40:03",958400
29,0.4,900,"bu","09:39:52",953400
29,0.4,900,"bu","09:39:22",952500
28.95,0.35,3200,"bu","09:39:06",951600
28.95,0.35,3000,"bu","09:39:03",948400
29,0.4,700,"bu","09:38:52",945400
28.95,0.35,200,"bu","09:38:52",944700
28.95,0.35,500,"bu","09:38:44",944500
28.95,0.35,1000,"bu","09:38:30",944000
28.95,0.35,900,"bu","09:38:22",943000
28.95,0.35,5000,"bu","09:38:14",942100
28.9,0.3,300,"sd","09:38:07",937100
28.95,0.35,900,"bu","09:37:52",936800
28.95,0.35,900,"bu","09:37:22",935900
28.95,0.35,4200,"sd","09:37:16",935000
28.95,0.35,100,"sd","09:37:08",930800
28.95,0.35,1300,"sd","09:37:00",930700
28.95,0.35,500,"sd","09:36:53",929400
29,0.4,900,"bu","09:36:52",928900
29,0.4,700,"bu","09:36:37",928000
29,0.4,500,"bu","09:36:32",927300
29,0.4,200,"bu","09:36:31",926800
29,0.4,900,"bu","09:36:22",926600
29,0.4,4600,"sd","09:36:13",925700
29,0.4,200,"sd","09:36:09",921100
29,0.4,1300,"sd","09:36:06",920900
29,0.4,100,"sd","09:36:02",919600
29,0.4,500,"sd","09:35:56",919500
29.05,0.45,900,"bu","09:35:52",919000
29,0.4,1000,"sd","09:35:44",918100
29,0.4,1300,"sd","09:35:39",917100
29,0.4,200,"sd","09:35:36",915800
29,0.4,1500,"sd","09:35:27",915600
29.05,0.45,900,"bu","09:35:23",914100
29,0.4,7000,"sd","09:35:15",913200
29.05,0.45,1000,"bu","09:35:07",906200
29,0.4,1300,"sd","09:35:05",905200
29.05,0.45,10000,"bu","09:34:53",903900
29,0.4,6300,"bu","09:34:44",893900
29,0.4,1100,"bu","09:34:42",887600
28.95,0.35,1100,"bu","09:34:18",886500
28.95,0.35,1100,"bu","09:34:12",885400
28.95,0.35,2000,"bu","09:34:09",884300
28.95,0.35,1200,"sd","09:34:01",882300
29,0.4,3000,"bu","09:33:58",881100
29,0.4,10000,"bu","09:33:53",878100
28.95,0.35,100,"sd","09:33:41",868100
29,0.4,1100,"bu","09:33:40",868000
28.95,0.35,200,"sd","09:33:36",866900
29,0.4,300,"bu","09:33:32",866700
29,0.4,1100,"bu","09:33:10",866400
28.9,0.3,800,"sd","09:33:09",865300
28.95,0.35,200,"bu","09:33:08",864500
28.95,0.35,300,"sd","09:33:04",864300
29,0.4,500,"bu","09:32:58",864000
29,0.4,5000,"bu","09:32:50",863500
29,0.4,3000,"bu","09:32:49",858500
28.95,0.35,1300,"sd","09:32:43",855500
29,0.4,1100,"bu","09:32:39",854200
29,0.4,3300,"sd","09:32:38",853100
29,0.4,10000,"sd","09:32:35",849800
29,0.4,300,"sd","09:32:27",839800
29,0.4,1300,"sd","09:32:25",839500
29,0.4,500,"sd","09:32:20",838200
29,0.4,500,"sd","09:32:17",837700
29,0.4,3000,"sd","09:32:14",837200
29,0.4,700,"sd","09:32:13",834200
29,0.4,200,"sd","09:32:12",833500
29,0.4,5000,"sd","09:32:09",833300
29,0.4,300,"sd","09:32:08",828300
29.05,0.45,1100,"bu","09:32:08",828000
29,0.4,100,"sd","09:32:05",826900
29,0.4,5000,"sd","09:32:04",826800
29,0.4,1300,"sd","09:31:59",821800
29,0.4,100,"sd","09:31:56",820500
29,0.4,50000,"sd","09:31:50",820400
29.05,0.45,100,"bu","09:31:49",770400
29.05,0.45,1100,"bu","09:31:38",770300
29,0.4,15500,"sd","09:31:27",769200
29.05,0.45,4500,"sd","09:31:27",753700
29.05,0.45,1300,"sd","09:31:24",749200
29.1,0.5,600,"bu","09:31:18",747900
29.1,0.5,100,"bu","09:31:15",747300
29.1,0.5,500,"bu","09:31:13",747200
29.1,0.5,1100,"bu","09:31:08",746700
29.05,0.45,10000,"sd","09:30:55",745600
29.1,0.5,1100,"bu","09:30:37",735600
29.05,0.45,5000,"sd","09:30:33",734500
29.05,0.45,500,"sd","09:30:30",729500
29.05,0.45,300,"sd","09:30:28",729000
29.05,0.45,500,"sd","09:30:26",728700
29.05,0.45,100,"sd","09:30:21",728200
29.05,0.45,900,"sd","09:30:14",728100
29.1,0.5,1100,"bu","09:30:06",727200
29.1,0.5,100,"bu","09:29:57",726100
29.1,0.5,2000,"bu","09:29:56",726000
29.1,0.5,2000,"bu","09:29:44",724000
29.05,0.45,400,"sd","09:29:42",722000
29.05,0.45,2000,"sd","09:29:38",721600
29.1,0.5,1100,"bu","09:29:36",719600
29.1,0.5,15000,"bu","09:29:32",718500
29.1,0.5,5200,"bu","09:29:21",703500
29.1,0.5,2600,"sd","09:29:19",698300
29.1,0.5,2500,"bu","09:29:15",695700
29.05,0.45,3900,"sd","09:29:14",693200
29.05,0.45,50000,"sd","09:29:13",689300
29.05,0.45,50000,"sd","09:29:11",639300
29.1,0.5,1100,"bu","09:29:06",589300
29.1,0.5,2800,"sd","09:29:01",588200
29.15,0.55,1200,"bu","09:28:33",585400
29.1,0.5,8000,"bu","09:28:24",584200
29.1,0.5,5000,"bu","09:28:23",576200
29.05,0.45,100,"sd","09:28:21",571200
29.1,0.5,5000,"bu","09:28:20",571100
29.1,0.5,20000,"bu","09:28:18",566100
29.1,0.5,100,"bu","09:28:17",546100
29.05,0.45,100,"sd","09:28:13",546000
29.1,0.5,1000,"bu","09:28:06",545900
29.1,0.5,1000,"bu","09:28:05",544900
29.05,0.45,500,"sd","09:28:05",543900
29.05,0.45,100,"sd","09:27:53",543400
29.05,0.45,63100,"bu","09:27:47",543300
29,0.4,400,"sd","09:27:38",480200
29.05,0.45,1000,"bu","09:27:35",479800
29,0.4,1000,"sd","09:27:29",478800
29,0.4,104100,"bu","09:27:14",477800
29,0.4,100,"bu","09:27:08",373700
29,0.4,5000,"bu","09:27:06",373600
29,0.4,1000,"bu","09:27:04",368600
28.95,0.35,400,"sd","09:26:56",367600
29,0.4,50000,"bu","09:26:55",367200
28.95,0.35,3400,"bu","09:26:41",317200
28.95,0.35,1000,"bu","09:26:34",313800
28.95,0.35,200,"bu","09:26:33",312800
28.95,0.35,1000,"bu","09:26:20",312600
28.95,0.35,200,"bu","09:26:15",311600
28.95,0.35,10000,"bu","09:26:12",311400
28.95,0.35,500,"bu","09:26:10",301400
28.95,0.35,1000,"bu","09:26:04",300900
28.95,0.35,500,"bu","09:25:55",299900
28.95,0.35,1000,"bu","09:25:47",299400
28.95,0.35,1000,"bu","09:25:33",298400
28.95,0.35,500,"bu","09:25:27",297400
28.95,0.35,100,"bu","09:25:16",296900
28.9,0.3,3100,"bu","09:25:11",296800
28.9,0.3,1000,"bu","09:25:03",293700
28.9,0.3,1300,"bu","09:24:56",292700
28.9,0.3,5100,"bu","09:24:53",291400
28.9,0.3,200,"bu","09:24:48",286300
28.9,0.3,1000,"bu","09:24:39",286100
28.9,0.3,1000,"bu","09:24:33",285100
28.9,0.3,1000,"bu","09:24:28",284100
28.9,0.3,1000,"bu","09:24:11",283100
28.9,0.3,500,"bu","09:24:10",282100
28.9,0.3,1000,"bu","09:24:09",281600
28.9,0.3,1000,"bu","09:24:02",280600
28.9,0.3,400,"bu","09:23:59",279600
28.85,0.25,400,"sd","09:23:34",279200
28.9,0.3,100,"sd","09:23:34",278800
28.95,0.35,1000,"bu","09:23:32",278700
28.95,0.35,1000,"bu","09:23:02",277700
28.9,0.3,500,"sd","09:23:00",276700
28.9,0.3,500,"sd","09:22:50",276200
28.9,0.3,700,"bu","09:22:42",275700
28.9,0.3,100,"bu","09:22:34",275000
28.9,0.3,1000,"bu","09:22:31",274900
28.9,0.3,1000,"bu","09:22:01",273900
28.9,0.3,500,"bu","09:21:38",272900
28.9,0.3,1000,"bu","09:21:31",272400
28.9,0.3,2300,"sd","09:21:06",271400
28.95,0.35,1000,"bu","09:21:01",269100
28.9,0.3,2500,"bu","09:20:59",268100
28.85,0.25,900,"bu","09:20:59",265600
28.9,0.3,1000,"bu","09:20:47",264700
28.9,0.3,1000,"bu","09:20:31",263700
28.8,0.2,100,"sd","09:20:16",262700
28.9,0.3,100,"bu","09:20:14",262600
28.9,0.3,1000,"bu","09:20:00",262500
28.9,0.3,100,"bu","09:19:59",261500
28.9,0.3,200,"bu","09:19:56",261400
28.9,0.3,300,"bu","09:19:47",261200
28.9,0.3,100,"bu","09:19:34",260900
28.9,0.3,200,"bu","09:19:33",260800
28.9,0.3,5000,"bu","09:19:32",260600
28.9,0.3,1000,"bu","09:19:30",255600
28.9,0.3,1000,"bu","09:19:05",254600
28.9,0.3,1000,"bu","09:19:00",253600
28.8,0.2,200,"sd","09:18:48",252600
29,0.4,1000,"bu","09:18:29",252400
29,0.4,500,"sd","09:18:20",251400
29.05,0.45,1000,"bu","09:18:16",250900
29.05,0.45,3200,"bu","09:18:12",249900
29.05,0.45,1800,"bu","09:18:12",246700
29,0.4,700,"sd","09:18:12",244900
29.05,0.45,1000,"bu","09:17:59",244200
29.05,0.45,100,"bu","09:17:58",243200
29.05,0.45,100,"sd","09:17:51",243100
29.1,0.5,400,"bu","09:17:50",243000
29.05,0.45,100,"sd","09:17:39",242600
29.05,0.45,200,"bu","09:17:38",242500
29.05,0.45,1000,"bu","09:17:29",242300
29,0.4,1300,"sd","09:17:25",241300
29.05,0.45,200,"bu","09:17:20",240000
29,0.4,100,"sd","09:17:17",239800
29.05,0.45,100,"bu","09:17:11",239700
29,0.4,700,"sd","09:17:10",239600
29,0.4,100,"sd","09:17:06",238900
29.05,0.45,900,"bu","09:16:59",238800
29,0.4,600,"sd","09:16:49",237900
29,0.4,200,"sd","09:16:45",237300
29,0.4,500,"sd","09:16:43",237100
29,0.4,500,"sd","09:16:34",236600
29.05,0.45,900,"bu","09:16:29",236100
29,0.4,101200,"bu","09:16:22",235200
29,0.4,43200,"bu","09:16:22",134000
28.95,0.35,3300,"bu","09:16:22",90800
28.9,0.3,3000,"bu","09:16:22",87500
28.85,0.25,200,"bu","09:16:22",84500
28.8,0.2,22900,"bu","09:16:22",84300
28.8,0.2,6000,"bu","09:16:21",61400
28.8,0.2,1300,"bu","09:16:18",55400
28.8,0.2,100,"bu","09:16:16",54100
28.8,0.2,400,"bu","09:15:59",54000
28.8,0.2,600,"bu","09:15:58",53600
28.8,0.2,200,"bu","09:15:56",53000
28.7,0.1,100,"sd","09:15:08",52800
28.75,0.15,52700,"","09:15:00",52700
