"price","change","match_qtty","side","time","total_vol"
27.15,0.65,1544800,"","14:45:00",27632300
27,0.5,60000,"sd","14:30:00",26087500
27,0.5,100,"sd","14:29:59",26027500
27,0.5,7000,"sd","14:29:58",26027400
27.05,0.55,12100,"bu","14:29:57",26020400
27,0.5,10000,"sd","14:29:57",26008300
27,0.5,2000,"sd","14:29:57",25998300
27.05,0.55,1000,"bu","14:29:57",25996300
27,0.5,1000,"sd","14:29:51",25995300
27,0.5,20000,"sd","14:29:49",25994300
27,0.5,100,"sd","14:29:47",25974300
27,0.5,3500,"sd","14:29:46",25974200
27.05,0.55,1000,"bu","14:29:46",25970700
27,0.5,7000,"sd","14:29:44",25969700
27.05,0.55,10000,"bu","14:29:41",25962700
27.05,0.55,700,"bu","14:29:39",25952700
27,0.5,100,"sd","14:29:35",25952000
27.05,0.55,500,"bu","14:29:35",25951900
27.05,0.55,500,"bu","14:29:35",25951400
27.05,0.55,800,"bu","14:29:30",25950900
27.05,0.55,3000,"bu","14:29:29",25950100
27.05,0.55,5000,"bu","14:29:29",25947100
27.05,0.55,900,"bu","14:29:28",25942100
27.05,0.55,192500,"sd","14:29:27",25941200
27.1,0.6,500,"bu","14:29:27",25748700
27.1,0.6,1700,"bu","14:29:27",25748200
27.05,0.55,23900,"sd","14:29:25",25746500
27.1,0.6,1000,"bu","14:29:25",25722600
27.05,0.55,1000,"sd","14:29:24",25721600
27.05,0.55,200,"sd","14:29:23",25720600
27.05,0.55,300,"sd","14:29:22",25720400
27.05,0.55,4000,"sd","14:29:21",25720100
27.05,0.55,1300,"sd","14:29:20",25716100
27.05,0.55,1000,"sd","14:29:17",25714800
27.1,0.6,800,"bu","14:29:15",25713800
27.05,0.55,10500,"sd","14:29:14",25713000
27.1,0.6,3000,"bu","14:29:12",25702500
27.05,0.55,1100,"sd","14:29:12",25699500
27.05,0.55,1100,"sd","14:29:09",25698400
27.1,0.6,5500,"bu","14:29:08",25697300
27.05,0.55,5000,"sd","14:29:07",25691800
27.05,0.55,10000,"sd","14:29:06",25686800
27.1,0.6,100,"bu","14:29:05",25676800
27.05,0.55,100,"sd","14:29:05",25676700
27.1,0.6,2000,"bu","14:29:05",25676600
27.05,0.55,5000,"sd","14:29:02",25674600
27.05,0.55,100,"sd","14:28:57",25669600
27.1,0.6,19800,"bu","14:28:50",25669500
27.05,0.55,50000,"sd","14:28:49",25649700
27.05,0.55,1500,"sd","14:28:48",25599700
27.1,0.6,800,"bu","14:28:48",25598200
27.1,0.6,9500,"bu","14:28:47",25597400
27.1,0.6,500,"bu","14:28:47",25587900
27.1,0.6,700,"bu","14:28:44",25587400
27.05,0.55,100,"sd","14:28:43",25586700
27.05,0.55,500,"sd","14:28:42",25586600
27.1,0.6,300,"bu","14:28:40",25586100
27.05,0.55,1000,"sd","14:28:38",25585800
27.1,0.6,200,"bu","14:28:37",25584800
27.1,0.6,600,"bu","14:28:34",25584600
27.05,0.55,300,"sd","14:28:33",25584000
27.1,0.6,3000,"bu","14:28:30",25583700
27.05,0.55,100,"sd","14:28:25",25580700
27.05,0.55,1500,"sd","14:28:25",25580600
27.1,0.6,5000,"bu","14:28:24",25579100
27.1,0.6,2000,"bu","14:28:24",25574100
27.1,0.6,1400,"bu","14:28:12",25572100
27.05,0.55,1000,"sd","14:28:09",25570700
27.05,0.55,300,"sd","14:28:09",25569700
27.1,0.6,2500,"bu","14:28:07",25569400
27.05,0.55,2000,"sd","14:28:06",25566900
27.1,0.6,4000,"bu","14:28:05",25564900
27.05,0.55,500,"sd","14:28:02",25560900
27.05,0.55,200,"sd","14:28:01",25560400
27.05,0.55,2000,"sd","14:28:01",25560200
27.05,0.55,200,"sd","14:27:53",25558200
27.1,0.6,3100,"bu","14:27:53",25558000
27.05,0.55,100,"sd","14:27:53",25554900
27.05,0.55,4700,"sd","14:27:44",25554800
27.1,0.6,100,"bu","14:27:44",25550100
27.05,0.55,1000,"sd","14:27:42",25550000
27.05,0.55,3000,"sd","14:27:35",25549000
27.1,0.6,100,"bu","14:27:29",25546000
27.05,0.55,1000,"sd","14:27:29",25545900
27.1,0.6,1000,"bu","14:27:23",25544900
27.05,0.55,5000,"sd","14:27:22",25543900
27.1,0.6,500,"bu","14:27:16",25538900
27.1,0.6,1500,"bu","14:27:14",25538400
27.1,0.6,10000,"bu","14:27:11",25536900
27.05,0.55,500,"sd","14:27:10",25526900
27.05,0.55,200,"sd","14:27:08",25526400
27.05,0.55,500,"sd","14:27:02",25526200
27.05,0.55,100,"sd","14:27:01",25525700
27.05,0.55,2000,"sd","14:27:00",25525600
27.05,0.55,100,"sd","14:26:58",25523600
27.05,0.55,500,"sd","14:26:52",25523500
27.05,0.55,400,"sd","14:26:44",25523000
27.05,0.55,500,"sd","14:26:37",25522600
27.1,0.6,600,"bu","14:26:35",25522100
27.05,0.55,5000,"sd","14:26:34",25521500
27.05,0.55,400,"sd","14:26:32",25516500
27.05,0.55,200,"sd","14:26:31",25516100
27.05,0.55,2000,"sd","14:26:27",25515900
27.05,0.55,500,"sd","14:26:26",25513900
27.05,0.55,4900,"bu","14:26:24",25513400
27.05,0.55,35000,"bu","14:26:23",25508500
27.05,0.55,6600,"bu","14:26:22",25473500
27.05,0.55,500,"bu","14:26:21",25466900
27.05,0.55,4200,"bu","14:26:20",25466400
27.05,0.55,20000,"bu","14:26:19",25462200
27.05,0.55,5500,"bu","14:26:18",25442200
27.05,0.55,100,"bu","14:26:15",25436700
27.05,0.55,7000,"bu","14:26:13",25436600
27.05,0.55,1300,"bu","14:26:12",25429600
27.05,0.55,1000,"bu","14:26:11",25428300
27.05,0.55,10000,"bu","14:26:10",25427300
27.05,0.55,500,"bu","14:26:06",25417300
27.05,0.55,5500,"bu","14:26:06",25416800
27.05,0.55,500,"bu","14:26:05",25411300
27.05,0.55,1300,"bu","14:26:03",25410800
27.05,0.55,10500,"bu","14:26:01",25409500
27.05,0.55,400,"bu","14:25:58",25399000
27.05,0.55,300,"bu","14:25:57",25398600
27.05,0.55,1000,"bu","14:25:56",25398300
27.05,0.55,4000,"bu","14:25:55",25397300
27.05,0.55,3100,"bu","14:25:54",25393300
27,0.5,400,"sd","14:25:53",25390200
27.05,0.55,1000,"bu","14:25:52",25389800
27.05,0.55,2000,"bu","14:25:52",25388800
27.05,0.55,1300,"bu","14:25:50",25386800
27.05,0.55,400,"bu","14:25:50",25385500
27.05,0.55,2000,"bu","14:25:48",25385100
27.05,0.55,800,"bu","14:25:46",25383100
27.05,0.55,7800,"bu","14:25:42",25382300
27.05,0.55,3000,"bu","14:25:35",25374500
27.05,0.55,200,"bu","14:25:32",25371500
27,0.5,100,"sd","14:25:31",25371300
27.05,0.55,1000,"bu","14:25:31",25371200
27,0.5,500,"sd","14:25:29",25370200
27,0.5,100,"sd","14:25:28",25369700
27.05,0.55,300,"bu","14:25:28",25369600
27.05,0.55,7000,"bu","14:25:22",25369300
27,0.5,500,"sd","14:25:22",25362300
27.05,0.55,11300,"bu","14:25:22",25361800
27,0.5,500,"sd","14:25:22",25350500
27,0.5,500,"sd","14:25:06",25350000
27,0.5,100,"sd","14:25:05",25349500
27,0.5,100,"sd","14:25:04",25349400
27.05,0.55,200,"bu","14:25:03",25349300
27,0.5,16100,"bu","14:25:01",25349100
27,0.5,33900,"sd","14:25:00",25333000
27,0.5,3000,"sd","14:24:58",25299100
27,0.5,100,"sd","14:24:56",25296100
27,0.5,3000,"sd","14:24:52",25296000
27,0.5,10000,"sd","14:24:49",25293000
27,0.5,2000,"sd","14:24:48",25283000
27.05,0.55,20000,"bu","14:24:47",25281000
27,0.5,1000,"sd","14:24:41",25261000
27,0.5,2000,"sd","14:24:39",25260000
27.05,0.55,5000,"bu","14:24:38",25258000
27.05,0.55,200,"bu","14:24:37",25253000
27.05,0.55,9300,"bu","14:24:35",25252800
27.05,0.55,700,"bu","14:24:34",25243500
27.05,0.55,500,"bu","14:24:34",25242800
27,0.5,5000,"sd","14:24:31",25242300
27,0.5,700,"sd","14:24:30",25233300
27,0.5,1000,"sd","14:24:29",25232600
27,0.5,1000,"sd","14:24:28",25231600
27,0.5,500,"sd","14:24:25",25230600
27,0.5,100,"sd","14:24:22",25230100
27,0.5,500,"sd","14:24:20",25230000
27,0.5,8000,"sd","14:24:19",25229500
27,0.5,26000,"sd","14:24:17",25221500
27,0.5,100,"sd","14:24:06",25195500
27,0.5,200,"sd","14:24:05",25195400
27,0.5,3500,"sd","14:24:04",25195200
27,0.5,5000,"sd","14:23:57",25191700
27,0.5,5000,"sd","14:23:56",25186700
27,0.5,5300,"sd","14:23:55",25181700
27,0.5,1000,"sd","14:23:54",25176400
27,0.5,400,"sd","14:23:53",25175400
27,0.5,100,"sd","14:23:51",25175000
27,0.5,100,"sd","14:23:46",25174900
27,0.5,200,"sd","14:23:45",25174800
27,0.5,100,"sd","14:23:44",25174600
27,0.5,2000,"sd","14:23:41",25174500
27,0.5,1000,"sd","14:23:40",25172500
27,0.5,7000,"sd","14:23:36",25171500
27,0.5,4000,"sd","14:23:33",25164500
27,0.5,300,"sd","14:23:32",25160500
27,0.5,500,"sd","14:23:31",25160200
27,0.5,4000,"sd","14:23:28",25159700
27.05,0.55,500,"bu","14:23:23",25155700
27,0.5,4000,"sd","14:23:22",25155200
27,0.5,70000,"sd","14:23:20",25151200
27,0.5,20000,"sd","14:23:11",25081200
27.05,0.55,5000,"bu","14:23:11",25061200
27.05,0.55,1000,"bu","14:23:09",25056200
27.05,0.55,5200,"bu","14:23:05",25055200
27.05,0.55,5000,"bu","14:22:59",25050000
27,0.5,500,"sd","14:22:59",25045000
27.05,0.55,700,"bu","14:22:53",25044500
27,0.5,500,"sd","14:22:51",25043800
27,0.5,2000,"sd","14:22:50",25043300
27,0.5,400,"sd","14:22:46",25041300
27,0.5,1400,"sd","14:22:42",25040900
27,0.5,100,"sd","14:22:41",25039500
27,0.5,100,"sd","14:22:40",25039400
27,0.5,100,"sd","14:22:36",25039300
27,0.5,300,"sd","14:22:36",25039200
27,0.5,171700,"bu","14:22:35",25038900
27,0.5,27200,"bu","14:22:35",24867200
26.95,0.45,5000,"sd","14:22:33",24840000
26.95,0.45,3000,"sd","14:22:28",24835000
26.95,0.45,1000,"sd","14:22:18",24832000
27,0.5,300,"bu","14:22:17",24831000
26.95,0.45,5000,"sd","14:22:16",24830700
27,0.5,800,"bu","14:22:15",24825700
27,0.5,1000,"bu","14:22:09",24824900
27,0.5,1400,"bu","14:22:03",24823900
26.95,0.45,1000,"sd","14:21:57",24822500
27,0.5,1800,"bu","14:21:55",24821500
27,0.5,900,"bu","14:21:49",24819700
26.95,0.45,100,"sd","14:21:48",24818800
27,0.5,2100,"bu","14:21:30",24818700
26.95,0.45,700,"sd","14:21:29",24816600
27,0.5,1600,"bu","14:21:26",24815900
27,0.5,1300,"bu","14:21:21",24814300
27,0.5,200,"bu","14:21:20",24813000
26.95,0.45,300,"sd","14:21:17",24812800
26.95,0.45,100,"sd","14:21:17",24812500
26.95,0.45,5000,"sd","14:21:16",24812400
26.95,0.45,500,"sd","14:21:14",24807400
26.95,0.45,2000,"sd","14:21:11",24806900
26.95,0.45,1300,"sd","14:20:59",24804900
26.95,0.45,1800,"bu","14:20:49",24803600
26.95,0.45,300,"bu","14:20:48",24801800
26.95,0.45,5000,"bu","14:20:47",24801500
26.95,0.45,100,"bu","14:20:46",24796500
26.95,0.45,500,"bu","14:20:43",24796400
26.95,0.45,5000,"bu","14:20:42",24795900
26.95,0.45,5000,"bu","14:20:40",24790900
26.95,0.45,50000,"bu","14:20:36",24785900
26.95,0.45,10000,"bu","14:20:30",24735900
26.95,0.45,20000,"bu","14:20:26",24725900
26.9,0.4,2000,"sd","14:20:17",24705900
26.95,0.45,5000,"bu","14:20:15",24703900
26.95,0.45,1000,"bu","14:20:05",24698900
26.95,0.45,2500,"bu","14:20:04",24697900
26.95,0.45,2600,"bu","14:19:59",24695400
26.9,0.4,1300,"sd","14:19:56",24692800
26.95,0.45,10000,"bu","14:19:54",24691500
26.95,0.45,800,"bu","14:19:46",24681500
26.95,0.45,300,"bu","14:19:46",24680700
26.95,0.45,100,"bu","14:19:39",24680400
26.95,0.45,100,"bu","14:19:36",24680300
26.95,0.45,200,"bu","14:19:35",24680200
26.9,0.4,4000,"sd","14:19:23",24680000
26.95,0.45,2800,"bu","14:19:19",24676000
26.9,0.4,4300,"sd","14:19:17",24673200
26.9,0.4,100,"sd","14:18:55",24668900
26.9,0.4,500,"sd","14:18:50",24668800
26.9,0.4,100,"sd","14:18:47",24668300
26.9,0.4,9300,"bu","14:18:33",24668200
26.9,0.4,1400,"bu","14:18:32",24658900
26.9,0.4,10600,"bu","14:18:25",24657500
26.85,0.35,1000,"sd","14:18:23",24646900
26.9,0.4,400,"bu","14:18:17",24645900
26.9,0.4,300,"bu","14:18:16",24645500
26.85,0.35,100,"sd","14:18:12",24645200
26.9,0.4,17800,"bu","14:18:11",24645100
26.85,0.35,9500,"sd","14:18:11",24627300
26.85,0.35,1600,"sd","14:18:09",24617800
26.85,0.35,600,"sd","14:18:08",24616200
26.85,0.35,500,"sd","14:17:52",24615600
26.85,0.35,6000,"sd","14:17:49",24615100
26.85,0.35,10000,"sd","14:17:41",24609100
26.85,0.35,500,"sd","14:17:40",24599100
26.85,0.35,1900,"sd","14:17:38",24598600
26.85,0.35,5000,"sd","14:17:32",24596700
26.85,0.35,3000,"sd","14:17:31",24591700
26.85,0.35,10000,"sd","14:17:27",24588700
26.85,0.35,1000,"sd","14:17:25",24578700
26.85,0.35,1000,"sd","14:17:21",24577700
26.85,0.35,1000,"sd","14:17:19",24576700
26.85,0.35,40000,"bu","14:17:16",24575700
26.85,0.35,10000,"bu","14:17:12",24535700
26.8,0.3,400,"sd","14:17:11",24525700
26.85,0.35,400,"bu","14:17:11",24525300
26.85,0.35,1900,"bu","14:17:10",24524900
26.85,0.35,400,"bu","14:17:10",24523000
26.8,0.3,200,"sd","14:16:58",24522600
26.85,0.35,100,"bu","14:16:52",24522400
26.85,0.35,400,"bu","14:16:49",24522300
26.8,0.3,4400,"sd","14:16:48",24521900
26.85,0.35,3000,"sd","14:16:48",24517500
26.85,0.35,2400,"bu","14:16:47",24514500
26.85,0.35,78600,"sd","14:16:45",24512100
26.85,0.35,1000,"sd","14:16:44",24433500
26.85,0.35,6800,"sd","14:16:42",24432500
26.85,0.35,3000,"sd","14:16:40",24425700
26.85,0.35,500,"sd","14:16:39",24422700
26.85,0.35,39100,"sd","14:16:38",24422200
26.9,0.4,100,"bu","14:16:37",24383100
26.85,0.35,10000,"sd","14:16:36",24383000
26.9,0.4,1000,"bu","14:16:36",24373000
26.85,0.35,8000,"sd","14:16:33",24372000
26.85,0.35,200,"sd","14:16:31",24364000
26.85,0.35,300,"sd","14:16:31",24363800
26.85,0.35,1000,"sd","14:16:27",24363500
26.85,0.35,8900,"sd","14:16:26",24362500
26.85,0.35,300,"sd","14:16:14",24353600
26.85,0.35,800,"sd","14:16:11",24353300
26.85,0.35,20100,"sd","14:16:11",24352500
26.9,0.4,1000,"bu","14:16:05",24332400
26.85,0.35,500,"sd","14:16:04",24331400
26.9,0.4,100,"bu","14:16:02",24330900
26.85,0.35,500,"sd","14:15:57",24330800
26.9,0.4,23000,"bu","14:15:57",24330300
26.9,0.4,287200,"sd","14:15:52",24307300
26.95,0.45,1000,"bu","14:15:44",24020100
26.95,0.45,3500,"bu","14:15:41",24019100
26.95,0.45,1500,"bu","14:15:40",24015600
26.95,0.45,200,"bu","14:15:30",24014100
26.95,0.45,2000,"bu","14:15:28",24013900
26.95,0.45,2100,"bu","14:15:21",24011900
26.95,0.45,100,"bu","14:15:20",24009800
26.95,0.45,300,"bu","14:15:19",24009700
26.9,0.4,400,"sd","14:15:18",24009400
26.95,0.45,100,"bu","14:15:16",24009000
26.95,0.45,2500,"bu","14:15:13",24008900
26.95,0.45,100,"bu","14:15:11",24006400
26.95,0.45,200,"bu","14:15:10",24006300
26.95,0.45,3000,"bu","14:15:06",24006100
26.95,0.45,100,"bu","14:15:02",24003100
26.95,0.45,1000,"bu","14:14:59",24003000
26.95,0.45,1200,"bu","14:14:56",24002000
26.95,0.45,100,"bu","14:14:55",24000800
26.95,0.45,200,"bu","14:14:52",24000700
26.95,0.45,3000,"bu","14:14:52",24000500
26.95,0.45,2700,"bu","14:14:50",23997500
26.95,0.45,2000,"bu","14:14:44",23994800
26.95,0.45,1000,"bu","14:14:42",23992800
26.95,0.45,100,"bu","14:14:40",23991800
26.95,0.45,10100,"bu","14:14:39",23991700
26.95,0.45,1000,"bu","14:14:35",23981600
26.95,0.45,400,"bu","14:14:32",23980600
26.95,0.45,1000,"bu","14:14:31",23980200
26.95,0.45,5000,"bu","14:14:28",23979200
26.95,0.45,1200,"bu","14:14:20",23974200
26.95,0.45,20000,"bu","14:14:19",23973000
26.95,0.45,1000,"bu","14:14:16",23953000
26.95,0.45,3000,"bu","14:14:10",23952000
26.95,0.45,500,"bu","14:13:52",23949000
26.95,0.45,11900,"bu","14:13:50",23948500
26.95,0.45,1500,"bu","14:13:46",23936600
26.95,0.45,100,"bu","14:13:44",23935100
26.95,0.45,100,"bu","14:13:33",23935000
26.95,0.45,700,"bu","14:13:30",23934900
26.9,0.4,100,"sd","14:13:25",23934200
26.95,0.45,1100,"sd","14:13:16",23934100
26.95,0.45,1000,"sd","14:13:14",23933000
26.95,0.45,70700,"sd","14:13:14",23932000
27,0.5,400,"bu","14:13:05",23861300
26.95,0.45,1000,"sd","14:13:05",23860900
26.95,0.45,600,"sd","14:13:02",23859900
26.95,0.45,800,"sd","14:12:58",23859300
26.95,0.45,1000,"sd","14:12:56",23858500
26.95,0.45,1000,"sd","14:12:54",23857500
26.95,0.45,2000,"sd","14:12:46",23856500
26.95,0.45,1000,"sd","14:12:44",23854500
27,0.5,5300,"bu","14:12:40",23853500
27,0.5,100,"bu","14:12:40",23848200
27,0.5,200,"bu","14:12:30",23848100
27,0.5,1000,"bu","14:12:20",23847900
27,0.5,100,"bu","14:12:07",23846900
27,0.5,500,"bu","14:12:05",23846800
27,0.5,1200,"bu","14:11:57",23846300
27,0.5,800,"bu","14:11:56",23845100
27,0.5,900,"bu","14:11:34",23844300
27,0.5,300,"bu","14:11:33",23843400
27,0.5,500,"bu","14:11:16",23843100
27,0.5,1600,"bu","14:11:08",23842600
27,0.5,2000,"bu","14:10:57",23841000
27,0.5,3000,"bu","14:10:49",23839000
26.95,0.45,2000,"sd","14:10:48",23836000
27,0.5,100,"bu","14:10:46",23834000
27,0.5,100,"bu","14:10:43",23833900
27,0.5,100,"bu","14:10:39",23833800
27,0.5,800,"bu","14:10:38",23833700
27,0.5,500,"bu","14:10:37",23832900
27,0.5,1500,"sd","14:10:32",23832400
27,0.5,2000,"sd","14:10:30",23830900
27,0.5,3500,"sd","14:10:28",23828900
27,0.5,3000,"sd","14:10:23",23825400
26.95,0.45,1900,"sd","14:10:21",23822400
27,0.5,3100,"sd","14:10:21",23820500
27,0.5,3000,"sd","14:10:14",23817400
27,0.5,5000,"sd","14:10:10",23814400
27,0.5,500,"sd","14:10:10",23809400
27,0.5,3000,"sd","14:10:09",23808900
27,0.5,500,"sd","14:10:08",23805900
27,0.5,35700,"sd","14:10:04",23805400
27,0.5,34300,"sd","14:10:03",23769700
27,0.5,500,"sd","14:10:02",23735400
27,0.5,200,"sd","14:09:53",23734900
27,0.5,1200,"sd","14:09:52",23734700
27,0.5,500,"sd","14:09:50",23733500
27.05,0.55,100,"bu","14:09:47",23733000
27,0.5,5000,"sd","14:09:46",23732900
27,0.5,1000,"sd","14:09:33",23727900
27.05,0.55,1500,"bu","14:09:31",23726900
27,0.5,5000,"sd","14:09:19",23725400
27,0.5,20000,"sd","14:09:18",23720400
27,0.5,100,"sd","14:09:09",23700400
27.05,0.55,100,"bu","14:09:01",23700300
27,0.5,200,"sd","14:08:49",23700200
27,0.5,500,"sd","14:08:36",23700000
27.05,0.55,100,"bu","14:08:33",23699500
27.05,0.55,100,"bu","14:08:29",23699400
27.05,0.55,500,"bu","14:08:25",23699300
27.05,0.55,200,"bu","14:08:22",23698800
27.05,0.55,1000,"bu","14:08:17",23698600
27,0.5,300,"sd","14:08:10",23697600
27,0.5,400,"sd","14:08:09",23697300
27.05,0.55,300,"bu","14:08:07",23696900
27.05,0.55,300,"bu","14:08:04",23696600
27.05,0.55,100,"bu","14:08:02",23696300
27.05,0.55,100,"bu","14:07:58",23696200
27.05,0.55,800,"bu","14:07:52",23696100
27,0.5,500,"sd","14:07:45",23695300
27.05,0.55,6100,"bu","14:07:34",23694800
27,0.5,3000,"sd","14:07:29",23688700
27,0.5,2000,"sd","14:07:25",23685700
27,0.5,500,"sd","14:07:19",23683700
27.05,0.55,7000,"bu","14:07:14",23683200
27.05,0.55,900,"bu","14:07:12",23676200
27.05,0.55,200,"bu","14:07:03",23675300
27,0.5,5000,"sd","14:07:00",23675100
27,0.5,500,"sd","14:06:54",23670100
27,0.5,100,"sd","14:06:53",23669600
27,0.5,100,"sd","14:06:48",23669500
27.05,0.55,5000,"bu","14:06:47",23669400
27.05,0.55,400,"bu","14:06:34",23664400
27.05,0.55,500,"bu","14:06:31",23664000
27.05,0.55,2800,"bu","14:06:30",23663500
27.05,0.55,100,"bu","14:06:25",23660700
27.05,0.55,400,"bu","14:06:21",23660600
27.05,0.55,100,"bu","14:06:20",23660200
27.05,0.55,2100,"bu","14:06:19",23660100
27,0.5,300,"sd","14:06:18",23658000
27.05,0.55,1000,"bu","14:06:17",23657700
27.05,0.55,600,"bu","14:06:04",23656700
27.05,0.55,12400,"sd","14:06:03",23656100
27.05,0.55,4000,"sd","14:05:55",23643700
27.05,0.55,600,"sd","14:05:54",23639700
27.1,0.6,200,"bu","14:05:49",23639100
27.05,0.55,49000,"sd","14:05:44",23638900
27.05,0.55,96000,"bu","14:05:40",23589900
27,0.5,1000,"sd","14:05:39",23493900
27,0.5,100,"sd","14:05:38",23492900
27,0.5,100,"sd","14:05:35",23492800
27,0.5,800,"sd","14:05:34",23492700
27,0.5,1300,"sd","14:05:25",23491900
27,0.5,2000,"sd","14:05:13",23490600
27.05,0.55,1000,"bu","14:04:58",23488600
27.05,0.55,3000,"bu","14:04:58",23487600
27.05,0.55,200,"bu","14:04:50",23484600
27.05,0.55,5000,"sd","14:04:46",23484400
27.05,0.55,1000,"sd","14:04:43",23479400
27.05,0.55,7000,"sd","14:04:34",23478400
27.05,0.55,7400,"sd","14:04:31",23471400
27.05,0.55,1100,"bu","14:04:30",23464000
27.05,0.55,6000,"bu","14:04:24",23462900
27.05,0.55,2000,"bu","14:04:22",23456900
27.05,0.55,1000,"bu","14:04:17",23454900
27.05,0.55,3200,"bu","14:04:12",23453900
27.05,0.55,800,"sd","14:04:11",23450700
27.05,0.55,1200,"bu","14:04:09",23449900
27.05,0.55,8800,"sd","14:04:07",23448700
27.1,0.6,200,"bu","14:04:04",23439900
27.1,0.6,200,"bu","14:04:03",23439700
27.05,0.55,5000,"sd","14:04:02",23439500
27.05,0.55,2500,"sd","14:03:58",23434500
27.1,0.6,400000,"bu","14:03:54",23432000
27.1,0.6,1000,"bu","14:03:51",23032000
27.05,0.55,3000,"sd","14:03:50",23031000
27.1,0.6,100,"bu","14:03:45",23028000
27.05,0.55,7500,"bu","14:03:44",23027900
27.05,0.55,1000,"bu","14:03:43",23020400
27.05,0.55,1000,"bu","14:03:40",23019400
27.05,0.55,100,"bu","14:03:39",23018400
27.05,0.55,200,"bu","14:03:37",23018300
27.05,0.55,300,"bu","14:03:36",23018100
27.05,0.55,200,"bu","14:03:31",23017800
27.05,0.55,1000,"bu","14:03:29",23017600
27.05,0.55,100,"bu","14:03:24",23016600
27.05,0.55,200,"bu","14:03:22",23016500
27.05,0.55,2200,"sd","14:03:17",23016300
27.05,0.55,100,"sd","14:03:15",23014100
27.05,0.55,800,"bu","14:03:11",23014000
27.05,0.55,200,"sd","14:03:08",23013200
27.05,0.55,3000,"sd","14:03:05",23013000
27.05,0.55,1400,"sd","14:03:04",23010000
27.1,0.6,6200,"bu","14:03:03",23008600
27.05,0.55,5400,"bu","14:03:03",23002400
27.05,0.55,4000,"bu","14:02:57",22997000
27,0.5,5000,"sd","14:02:56",22993000
27.05,0.55,200,"bu","14:02:53",22988000
27,0.5,1000,"sd","14:02:49",22987800
27.05,0.55,3000,"bu","14:02:49",22986800
27,0.5,500,"sd","14:02:48",22983800
27,0.5,2000,"sd","14:02:41",22983300
27,0.5,2000,"sd","14:02:36",22981300
27,0.5,100,"sd","14:02:36",22979300
27.05,0.55,2000,"sd","14:02:31",22979200
27.1,0.6,3700,"bu","14:02:24",22977200
27.05,0.55,300,"bu","14:02:24",22973500
27,0.5,2000,"sd","14:02:23",22973200
27.05,0.55,200,"bu","14:02:22",22971200
27,0.5,300,"sd","14:02:15",22971000
27,0.5,2000,"sd","14:02:13",22970700
27.05,0.55,200000,"bu","14:02:13",22968700
27,0.5,300,"sd","14:02:11",22768700
27,0.5,1000,"sd","14:02:10",22768400
27,0.5,100,"sd","14:02:09",22767400
27,0.5,3000,"sd","14:02:06",22767300
27,0.5,100,"sd","14:02:04",22764300
27,0.5,500,"sd","14:02:03",22764200
27,0.5,100,"sd","14:01:55",22763700
27,0.5,3100,"sd","14:01:54",22763600
27,0.5,1000,"sd","14:01:43",22760500
27,0.5,1000,"sd","14:01:39",22759500
27,0.5,2100,"bu","14:01:38",22758500
27,0.5,400000,"bu","14:01:26",22756400
26.95,0.45,200,"sd","14:01:22",22356400
26.95,0.45,5000,"sd","14:01:11",22356200
26.95,0.45,1800,"sd","14:01:08",22351200
27,0.5,2400,"bu","14:00:54",22349400
27,0.5,1500,"bu","14:00:50",22347000
27,0.5,700,"bu","14:00:48",22345500
27,0.5,300,"bu","14:00:40",22344800
27,0.5,3400,"bu","14:00:26",22344500
27,0.5,10000,"bu","14:00:19",22341100
26.95,0.45,200,"sd","14:00:19",22331100
26.95,0.45,100,"sd","14:00:10",22330900
26.95,0.45,100,"sd","14:00:05",22330800
26.95,0.45,300,"sd","13:59:59",22330700
26.95,0.45,22500,"bu","13:59:47",22330400
26.95,0.45,2500,"bu","13:59:47",22307900
26.95,0.45,5000,"bu","13:59:45",22305400
26.95,0.45,1900,"bu","13:59:44",22300400
26.95,0.45,5000,"bu","13:59:41",22298500
26.95,0.45,800,"bu","13:59:40",22293500
26.95,0.45,6000,"bu","13:59:36",22292700
26.95,0.45,200,"bu","13:59:34",22286700
26.95,0.45,200,"bu","13:59:29",22286500
26.95,0.45,300,"bu","13:59:26",22286300
26.95,0.45,500,"bu","13:59:25",22286000
26.95,0.45,1000,"bu","13:59:23",22285500
26.95,0.45,1000,"bu","13:59:22",22284500
26.95,0.45,1800,"bu","13:59:16",22283500
26.95,0.45,100,"bu","13:59:15",22281700
26.95,0.45,1000,"bu","13:59:11",22281600
26.9,0.4,300,"sd","13:59:07",22280600
26.95,0.45,100,"bu","13:59:05",22280300
26.9,0.4,100,"sd","13:59:00",22280200
26.95,0.45,1000,"bu","13:58:46",22280100
26.9,0.4,100,"sd","13:58:42",22279100
26.9,0.4,2700,"sd","13:58:40",22279000
26.95,0.45,200,"bu","13:58:30",22276300
26.9,0.4,100,"bu","13:58:30",22276100
26.9,0.4,100,"bu","13:58:29",22276000
26.9,0.4,3600,"bu","13:58:28",22275900
26.9,0.4,1100,"bu","13:58:26",22272300
26.9,0.4,1000,"bu","13:58:25",22271200
26.9,0.4,400,"bu","13:58:24",22270200
26.9,0.4,100,"bu","13:58:23",22269800
26.9,0.4,1000,"bu","13:58:22",22269700
26.9,0.4,300,"sd","13:58:22",22268700
26.9,0.4,200,"sd","13:58:21",22268400
26.9,0.4,500,"bu","13:58:21",22268200
26.9,0.4,600,"bu","13:58:20",22267700
26.9,0.4,5000,"bu","13:58:18",22267100
26.9,0.4,11000,"bu","13:58:18",22262100
26.9,0.4,10000,"bu","13:58:16",22251100
26.9,0.4,10000,"bu","13:58:15",22241100
26.9,0.4,100,"bu","13:58:13",22231100
26.9,0.4,3900,"bu","13:58:12",22231000
26.9,0.4,700,"bu","13:58:05",22227100
26.9,0.4,6000,"bu","13:58:03",22226400
26.9,0.4,100,"bu","13:57:53",22220400
26.9,0.4,700,"bu","13:57:52",22220300
26.9,0.4,200,"bu","13:57:49",22219600
26.9,0.4,300,"bu","13:57:48",22219400
26.9,0.4,100,"bu","13:57:44",22219100
26.9,0.4,100,"bu","13:57:42",22219000
26.9,0.4,5000,"bu","13:57:41",22218900
26.9,0.4,2600,"sd","13:57:40",22213900
26.9,0.4,100,"sd","13:57:35",22211300
26.9,0.4,7300,"bu","13:57:34",22211200
26.9,0.4,3000,"bu","13:57:30",22203900
26.9,0.4,800,"bu","13:57:26",22200900
26.9,0.4,700,"bu","13:57:23",22200100
26.9,0.4,2100,"sd","13:57:22",22199400
26.9,0.4,100,"sd","13:57:16",22197300
26.9,0.4,200,"sd","13:57:14",22197200
26.9,0.4,5000,"sd","13:57:10",22197000
26.9,0.4,1000,"sd","13:57:09",22192000
26.9,0.4,200,"sd","13:57:09",22191000
26.9,0.4,200,"sd","13:57:04",22190800
26.9,0.4,1100,"sd","13:56:59",22190600
26.9,0.4,1000,"sd","13:56:55",22189500
26.9,0.4,8000,"sd","13:56:49",22188500
26.9,0.4,4000,"sd","13:56:45",22180500
26.9,0.4,300,"sd","13:56:36",22176500
26.9,0.4,500,"sd","13:56:33",22176200
26.9,0.4,100,"sd","13:56:28",22175700
26.9,0.4,5000,"sd","13:56:24",22175600
26.9,0.4,2000,"sd","13:56:22",22152100
26.9,0.4,1500,"sd","13:56:17",22150100
26.9,0.4,1100,"sd","13:56:14",22148600
26.9,0.4,6000,"sd","13:56:12",22147500
26.95,0.45,70000,"bu","13:56:11",22141500
26.9,0.4,2000,"sd","13:56:07",22071500
26.9,0.4,18500,"sd","13:56:06",22069500
26.9,0.4,100,"sd","13:56:04",22051000
26.95,0.45,300,"bu","13:56:04",22050900
26.9,0.4,10000,"sd","13:56:00",22050600
26.95,0.45,3600,"bu","13:55:46",22040600
26.9,0.4,3400,"bu","13:55:46",22037000
26.9,0.4,5000,"bu","13:55:45",22033600
26.9,0.4,14600,"sd","13:55:45",22028600
26.9,0.4,200,"sd","13:55:38",22014000
26.9,0.4,1000,"sd","13:55:35",22013800
26.9,0.4,5000,"sd","13:55:32",22012800
26.9,0.4,1300,"sd","13:55:30",22007800
26.9,0.4,2200,"sd","13:55:29",22006500
26.9,0.4,1300,"sd","13:55:28",22004300
26.9,0.4,5000,"sd","13:55:26",22003000
26.9,0.4,400,"sd","13:55:24",21998000
26.9,0.4,5000,"sd","13:55:23",21997600
26.9,0.4,5000,"sd","13:55:21",21992600
26.9,0.4,200,"sd","13:55:20",21987600
26.9,0.4,1000,"sd","13:55:18",21987400
26.9,0.4,200,"sd","13:55:17",21986400
26.9,0.4,1000,"sd","13:55:14",21986200
26.9,0.4,28100,"bu","13:55:07",21985200
26.9,0.4,200,"bu","13:55:05",21957100
26.9,0.4,800,"bu","13:55:00",21956900
26.9,0.4,600,"bu","13:54:58",21956100
26.85,0.35,1700,"sd","13:54:56",21955500
26.9,0.4,8000,"bu","13:54:55",21953800
26.9,0.4,100,"bu","13:54:49",21945800
26.9,0.4,500,"bu","13:54:32",21945700
26.85,0.35,500,"sd","13:54:31",21945200
26.9,0.4,200,"bu","13:54:31",21944700
26.9,0.4,10800,"sd","13:54:25",21944500
26.9,0.4,1000,"sd","13:54:19",21933700
26.9,0.4,2000,"sd","13:54:17",21932700
26.9,0.4,9400,"sd","13:54:14",21930700
26.9,0.4,10000,"sd","13:54:12",21921300
26.9,0.4,4600,"sd","13:54:12",21911300
26.9,0.4,4000,"sd","13:54:11",21906700
26.9,0.4,600,"sd","13:54:08",21902700
26.9,0.4,1000,"sd","13:53:59",21902100
26.9,0.4,900,"sd","13:53:53",21901100
26.9,0.4,300,"sd","13:53:53",21900200
26.9,0.4,200,"sd","13:53:49",21899900
26.9,0.4,2100,"sd","13:53:37",21899700
26.9,0.4,200,"sd","13:53:25",21897600
26.95,0.45,600,"bu","13:53:22",21897400
26.9,0.4,1000,"sd","13:53:19",21896800
26.9,0.4,2000,"sd","13:53:17",21895800
26.9,0.4,200,"sd","13:53:16",21893800
26.9,0.4,2000,"sd","13:53:10",21893600
26.95,0.45,3200,"bu","13:53:06",21891600
26.9,0.4,5000,"sd","13:53:06",21888400
26.9,0.4,57000,"sd","13:53:01",21883400
26.9,0.4,500,"sd","13:52:58",21826400
26.9,0.4,10000,"sd","13:52:57",21825900
26.9,0.4,100,"sd","13:52:48",21815900
26.95,0.45,700,"bu","13:52:44",21815800
26.9,0.4,50000,"sd","13:52:37",21815100
26.95,0.45,1000,"bu","13:52:33",21765100
26.95,0.45,1000,"bu","13:52:31",21764100
26.9,0.4,25000,"sd","13:52:27",21763100
26.9,0.4,1100,"sd","13:52:26",21738100
26.95,0.45,500,"bu","13:52:20",21737000
26.9,0.4,100,"sd","13:52:16",21736500
26.9,0.4,300,"sd","13:52:15",21736400
26.95,0.45,1500,"bu","13:52:14",21736100
26.95,0.45,1000,"bu","13:52:10",21734600
26.95,0.45,3100,"bu","13:51:55",21733600
26.95,0.45,1000,"bu","13:51:52",21730500
26.95,0.45,300,"bu","13:51:49",21729500
26.95,0.45,200,"bu","13:51:48",21729200
26.95,0.45,100,"bu","13:51:39",21729000
26.95,0.45,300,"bu","13:51:38",21728900
26.95,0.45,2000,"bu","13:51:33",21728600
26.95,0.45,100,"bu","13:51:32",21726600
26.95,0.45,1000,"bu","13:51:30",21726500
26.95,0.45,1100,"bu","13:51:26",21725500
26.95,0.45,4200,"sd","13:51:17",21724400
26.95,0.45,3000,"sd","13:51:12",21720200
26.95,0.45,2000,"sd","13:51:08",21717200
27,0.5,500,"bu","13:51:05",21715200
26.95,0.45,10000,"sd","13:51:01",21714700
27,0.5,100,"bu","13:50:56",21704700
26.95,0.45,1000,"sd","13:50:55",21704600
26.95,0.45,2000,"sd","13:50:47",21703600
26.95,0.45,2000,"sd","13:50:46",21701600
26.95,0.45,16800,"bu","13:50:44",21699600
26.95,0.45,18100,"bu","13:50:39",21682800
26.95,0.45,100,"bu","13:50:36",21664700
26.95,0.45,100,"bu","13:50:27",21664600
26.95,0.45,700,"bu","13:50:17",21664500
26.95,0.45,500,"bu","13:50:15",21663800
26.95,0.45,4800,"bu","13:50:12",21663300
26.95,0.45,500,"bu","13:50:11",21658500
26.95,0.45,100,"bu","13:50:10",21658000
26.95,0.45,300,"sd","13:50:03",21657900
26.95,0.45,500,"sd","13:50:02",21657600
26.95,0.45,9100,"sd","13:50:01",21657100
26.95,0.45,24500,"sd","13:49:59",21648000
26.95,0.45,1000,"sd","13:49:56",21622500
26.95,0.45,31800,"sd","13:49:55",21621500
26.95,0.45,100,"sd","13:49:48",21589700
26.95,0.45,1000,"sd","13:49:47",21589600
26.95,0.45,800,"sd","13:49:46",21588600
26.95,0.45,8000,"sd","13:49:45",21587800
26.95,0.45,1300,"sd","13:49:37",21579800
26.95,0.45,5200,"sd","13:49:32",21578500
26.95,0.45,4000,"sd","13:49:30",21573300
26.95,0.45,100,"sd","13:49:27",21569300
26.95,0.45,2000,"sd","13:49:25",21569200
27,0.5,400,"bu","13:49:25",21567200
26.95,0.45,800,"sd","13:49:21",21566800
26.95,0.45,100,"sd","13:49:20",21566000
26.95,0.45,400,"sd","13:49:19",21565900
26.95,0.45,5000,"sd","13:49:17",21565500
26.95,0.45,200,"sd","13:49:15",21560500
26.95,0.45,1000,"sd","13:49:14",21560300
26.95,0.45,700,"sd","13:49:11",21559300
27,0.5,1000,"bu","13:49:07",21558600
26.95,0.45,8900,"sd","13:49:07",21557600
26.95,0.45,300,"sd","13:48:59",21548700
26.95,0.45,500,"sd","13:48:59",21548400
26.95,0.45,200,"sd","13:48:55",21547900
26.95,0.45,1300,"sd","13:48:51",21547700
26.95,0.45,2000,"sd","13:48:50",21546400
26.95,0.45,500,"sd","13:48:47",21544400
26.95,0.45,1000,"sd","13:48:41",21543900
26.95,0.45,2300,"sd","13:48:36",21542900
26.95,0.45,500,"sd","13:48:33",21540600
26.95,0.45,200,"sd","13:48:29",21540100
26.95,0.45,1000,"sd","13:48:27",21539900
26.95,0.45,3000,"sd","13:48:26",21538900
26.95,0.45,3000,"sd","13:48:14",21535900
26.95,0.45,1000,"sd","13:48:10",21532900
26.95,0.45,1000,"sd","13:48:04",21531900
26.95,0.45,100,"sd","13:48:02",21530900
26.95,0.45,5000,"sd","13:48:01",21530800
26.95,0.45,1000,"sd","13:48:00",21525800
26.95,0.45,1000,"sd","13:47:52",21524800
26.95,0.45,100,"sd","13:47:52",21523800
26.95,0.45,500,"sd","13:47:36",21523700
26.95,0.45,5000,"sd","13:47:32",21523200
26.95,0.45,1900,"sd","13:47:30",21518200
26.95,0.45,200,"sd","13:47:28",21516300
27,0.5,2000,"bu","13:47:28",21516100
26.95,0.45,5000,"sd","13:47:22",21514100
26.95,0.45,100,"sd","13:47:18",21509100
26.95,0.45,200,"sd","13:47:15",21509000
26.95,0.45,3000,"sd","13:47:12",21508800
26.95,0.45,1000,"sd","13:47:06",21505800
26.95,0.45,1000,"sd","13:46:56",21504800
26.95,0.45,500,"sd","13:46:55",21503800
26.95,0.45,300,"sd","13:46:45",21503300
27,0.5,300,"bu","13:46:42",21503000
26.95,0.45,2000,"sd","13:46:42",21502700
26.95,0.45,500,"sd","13:46:41",21500700
26.95,0.45,500,"sd","13:46:40",21500200
26.95,0.45,300,"sd","13:46:33",21499700
26.95,0.45,500,"sd","13:46:24",21499400
26.95,0.45,300,"sd","13:46:23",21498900
26.95,0.45,4000,"sd","13:46:21",21498600
26.95,0.45,300,"sd","13:46:09",21494600
26.95,0.45,5000,"sd","13:46:07",21494300
26.95,0.45,100,"sd","13:46:03",21489300
26.95,0.45,5000,"sd","13:45:54",21489200
27,0.5,1000,"bu","13:45:51",21484200
26.95,0.45,1500,"sd","13:45:48",21483200
26.95,0.45,1000,"sd","13:45:47",21481700
26.95,0.45,600,"sd","13:45:45",21480700
26.95,0.45,100,"sd","13:45:44",21480100
26.95,0.45,100,"sd","13:45:38",21480000
26.95,0.45,10000,"sd","13:45:37",21479900
27,0.5,1000,"bu","13:45:36",21469900
26.95,0.45,2000,"sd","13:45:28",21468900
26.95,0.45,10000,"sd","13:45:23",21466900
27,0.5,300,"bu","13:45:17",21456900
27,0.5,1000,"bu","13:45:10",21456600
27,0.5,1000,"bu","13:45:01",21455600
27,0.5,1000,"bu","13:44:48",21454600
26.95,0.45,2100,"sd","13:44:40",21453600
27,0.5,500,"bu","13:44:32",21451500
26.95,0.45,3000,"sd","13:44:31",21451000
26.95,0.45,500,"sd","13:44:23",21448000
27,0.5,500,"bu","13:44:17",21447500
26.95,0.45,1900,"sd","13:43:55",21447000
26.95,0.45,3000,"sd","13:43:54",21445100
27,0.5,3000,"bu","13:43:49",21442100
26.95,0.45,10000,"sd","13:43:40",21439100
27,0.5,600,"bu","13:43:37",21429100
26.95,0.45,100,"sd","13:43:34",21428500
26.95,0.45,200,"sd","13:43:27",21428400
26.95,0.45,500,"sd","13:43:26",21428200
26.95,0.45,4300,"bu","13:43:21",21427700
26.95,0.45,500,"bu","13:43:20",21423400
26.95,0.45,1000,"bu","13:43:18",21422900
26.95,0.45,30000,"bu","13:43:16",21421900
26.95,0.45,1000,"bu","13:43:12",21391900
26.95,0.45,25000,"bu","13:43:11",21390900
26.95,0.45,2000,"bu","13:43:09",21365900
26.95,0.45,1000,"bu","13:43:09",21363900
26.95,0.45,1300,"bu","13:43:08",21362900
26.95,0.45,700,"bu","13:43:02",21361600
26.95,0.45,10000,"bu","13:42:57",21360900
26.95,0.45,1000,"bu","13:42:50",21350900
26.95,0.45,100,"bu","13:42:49",21349900
26.95,0.45,1000,"bu","13:42:48",21349800
26.95,0.45,2000,"bu","13:42:47",21348800
26.95,0.45,15400,"bu","13:42:44",21346800
26.9,0.4,500,"sd","13:42:42",21331400
26.95,0.45,4100,"bu","13:42:41",21330900
26.95,0.45,8500,"bu","13:42:40",21326800
26.9,0.4,5000,"sd","13:42:38",21318300
26.9,0.4,4000,"sd","13:42:28",21313300
26.95,0.45,500,"bu","13:42:21",21309300
26.9,0.4,50000,"sd","13:42:20",21308800
26.95,0.45,1200,"bu","13:42:19",21258800
26.95,0.45,1000,"bu","13:42:18",21257600
26.95,0.45,4000,"bu","13:42:17",21256600
26.95,0.45,1300,"bu","13:42:15",21252600
26.95,0.45,1800,"bu","13:42:12",21251300
26.9,0.4,400,"sd","13:42:12",21249500
26.9,0.4,800,"sd","13:42:11",21249100
26.95,0.45,500,"bu","13:42:10",21248300
26.95,0.45,700,"bu","13:42:10",21247800
26.95,0.45,1000,"bu","13:42:03",21247100
26.95,0.45,400,"bu","13:42:02",21246100
26.95,0.45,100,"bu","13:42:01",21245700
26.95,0.45,1000,"bu","13:41:54",21245600
26.95,0.45,1000,"bu","13:41:53",21244600
26.95,0.45,600,"bu","13:41:44",21243600
26.95,0.45,500,"bu","13:41:43",21243000
26.95,0.45,1000,"bu","13:41:42",21242500
26.95,0.45,500,"bu","13:41:37",21241500
26.95,0.45,500,"bu","13:41:35",21241000
26.95,0.45,18200,"sd","13:41:22",21240500
27,0.5,1000,"bu","13:41:21",21222300
26.95,0.45,8200,"sd","13:41:21",21221300
26.95,0.45,2000,"sd","13:41:19",21213100
26.95,0.45,7300,"sd","13:41:18",21211100
26.95,0.45,12700,"sd","13:41:18",21203800
26.95,0.45,500,"sd","13:41:16",21191100
27,0.5,5000,"bu","13:41:15",21190600
26.95,0.45,7000,"sd","13:41:14",21185600
26.95,0.45,10000,"sd","13:41:13",21178600
26.95,0.45,5000,"sd","13:41:07",21168600
26.95,0.45,4400,"sd","13:41:01",21163600
27,0.5,200,"bu","13:41:00",21159200
27,0.5,1000,"bu","13:40:53",21159000
27,0.5,600,"bu","13:40:46",21158000
27,0.5,1000,"bu","13:40:44",21157400
27,0.5,100,"bu","13:40:43",21156400
27,0.5,15900,"sd","13:40:40",21156300
27,0.5,300,"sd","13:40:39",21140400
27,0.5,15000,"sd","13:40:39",21140100
27,0.5,11200,"sd","13:40:38",21125100
27,0.5,1800,"sd","13:40:37",21113900
27,0.5,5000,"sd","13:40:36",21112100
27,0.5,500,"sd","13:40:36",21107100
27,0.5,3500,"sd","13:40:35",21106600
27,0.5,12000,"sd","13:40:33",21103100
27,0.5,18400,"sd","13:40:32",21091100
27,0.5,400,"sd","13:40:31",21072700
27,0.5,900,"sd","13:40:30",21072300
27,0.5,1100,"sd","13:40:29",21071400
27,0.5,2000,"sd","13:40:28",21070300
27.05,0.55,2000,"bu","13:40:27",21068300
27,0.5,500,"sd","13:40:21",21066300
27,0.5,42000,"sd","13:40:20",21065800
27,0.5,200,"sd","13:40:20",21023800
27,0.5,100,"sd","13:40:09",21023600
27,0.5,1000,"sd","13:40:09",21023500
27,0.5,2000,"sd","13:40:01",21022500
27,0.5,1000,"sd","13:39:58",21020500
27,0.5,25000,"sd","13:39:55",21019500
27,0.5,30000,"sd","13:39:53",20994500
27,0.5,18000,"sd","13:39:40",20964500
27.05,0.55,1800,"bu","13:39:27",20946500
27,0.5,10000,"sd","13:39:26",20944700
27,0.5,200,"sd","13:39:25",20934700
27.05,0.55,200,"bu","13:39:15",20934500
27,0.5,4700,"sd","13:39:14",20934300
27.05,0.55,200,"bu","13:39:05",20929600
27,0.5,5000,"sd","13:39:04",20929400
27,0.5,2000,"sd","13:39:03",20924400
27,0.5,100,"sd","13:38:57",20922400
27,0.5,5000,"sd","13:38:52",20922300
27,0.5,14900,"sd","13:38:51",20917300
27,0.5,100,"sd","13:38:47",20902400
27,0.5,500,"sd","13:38:44",20902300
27,0.5,1100,"sd","13:38:40",20901800
27,0.5,500,"sd","13:38:38",20900700
27,0.5,1000,"sd","13:38:35",20900200
27,0.5,900,"sd","13:38:21",20899200
27,0.5,400,"sd","13:38:20",20898300
27,0.5,1000,"sd","13:38:17",20897900
27,0.5,2200,"sd","13:38:15",20896900
27,0.5,100,"sd","13:38:14",20894700
27,0.5,1000,"sd","13:38:08",20894600
27,0.5,1300,"sd","13:37:57",20893600
27,0.5,100,"sd","13:37:55",20892300
27,0.5,300,"sd","13:37:51",20892200
27,0.5,1000,"sd","13:37:48",20891900
27,0.5,1000,"sd","13:37:46",20890900
27,0.5,300,"sd","13:37:46",20889900
27,0.5,200,"sd","13:37:44",20889600
27,0.5,100,"sd","13:37:44",20889400
27,0.5,5000,"sd","13:37:41",20889300
27,0.5,300,"sd","13:37:38",20884300
27,0.5,100,"sd","13:37:37",20884000
27.05,0.55,500,"bu","13:37:36",20883900
27,0.5,600,"sd","13:37:31",20883400
27,0.5,200,"sd","13:37:27",20882800
27,0.5,200,"sd","13:37:24",20882600
27,0.5,1000,"sd","13:37:19",20882400
27,0.5,3000,"sd","13:37:15",20881400
27.05,0.55,100,"bu","13:37:15",20878400
27.05,0.55,2000,"bu","13:37:11",20878300
27.05,0.55,300,"bu","13:37:09",20876300
27,0.5,2000,"sd","13:37:04",20876000
27.05,0.55,1000,"bu","13:36:56",20874000
27,0.5,1000,"sd","13:36:54",20873000
27,0.5,4700,"sd","13:36:49",20872000
27.05,0.55,10000,"bu","13:36:46",20867300
27,0.5,5000,"sd","13:36:44",20857300
27.05,0.55,10000,"bu","13:36:35",20852300
27,0.5,100,"sd","13:36:35",20842300
27,0.5,100,"sd","13:36:31",20842200
27.05,0.55,500,"bu","13:36:29",20842100
27,0.5,1000,"sd","13:36:27",20841600
27,0.5,500,"sd","13:36:22",20840600
27,0.5,2200,"sd","13:36:17",20840100
27,0.5,600,"sd","13:36:12",20837900
27.05,0.55,500,"bu","13:36:10",20837300
27,0.5,200,"sd","13:36:03",20836800
27,0.5,200,"sd","13:36:00",20836600
27,0.5,5000,"sd","13:35:56",20836400
27,0.5,1000,"sd","13:35:55",20831400
27,0.5,100,"sd","13:35:51",20830400
27,0.5,500,"sd","13:35:49",20830300
27,0.5,1000,"sd","13:35:36",20829800
27,0.5,5000,"sd","13:35:34",20828800
27,0.5,500,"sd","13:35:32",20823800
27,0.5,500,"sd","13:35:29",20823300
27,0.5,100,"sd","13:35:25",20822800
27,0.5,100,"sd","13:35:17",20822700
27,0.5,6000,"sd","13:35:14",20822600
27,0.5,500,"sd","13:35:11",20816600
27,0.5,2000,"sd","13:35:09",20816100
27,0.5,7000,"sd","13:34:57",20814100
27.05,0.55,500,"bu","13:34:37",20807100
27.05,0.55,500,"bu","13:34:35",20806600
27.05,0.55,100,"bu","13:34:22",20806100
27.05,0.55,3000,"bu","13:34:16",20803000
27,0.5,2000,"sd","13:34:05",20800000
27,0.5,56700,"sd","13:34:02",20798000
27.05,0.55,10000,"bu","13:34:01",20741300
27,0.5,11700,"sd","13:33:58",20731300
27,0.5,2000,"sd","13:33:57",20719600
27,0.5,1000,"sd","13:33:56",20717600
27.05,0.55,10000,"bu","13:33:55",20716600
27,0.5,1000,"sd","13:33:51",20706600
27,0.5,50000,"sd","13:33:47",20705600
27.05,0.55,100,"bu","13:33:42",20655600
27,0.5,35000,"sd","13:33:39",20655500
27.05,0.55,200,"bu","13:33:33",20620500
27.05,0.55,2000,"bu","13:33:31",20620300
27.05,0.55,2200,"sd","13:33:30",20618300
27.05,0.55,800,"bu","13:33:22",20616100
27.05,0.55,200,"sd","13:33:22",20615300
27.05,0.55,400,"sd","13:33:19",20615100
27.05,0.55,1000,"sd","13:33:15",20614700
27.05,0.55,100,"sd","13:33:12",20613700
27.05,0.55,1900,"sd","13:33:09",20613600
27.05,0.55,500,"sd","13:33:07",20611700
27.05,0.55,5300,"sd","13:33:06",20611200
27.05,0.55,1000,"sd","13:33:03",20605900
27.05,0.55,100,"sd","13:33:01",20604900
27.05,0.55,1000,"sd","13:33:00",20604800
27.05,0.55,500,"sd","13:32:56",20603800
27.05,0.55,100,"sd","13:32:54",20603300
27.05,0.55,3000,"sd","13:32:53",20603200
27.05,0.55,2000,"sd","13:32:47",20600200
27.05,0.55,400,"sd","13:32:44",20598200
27.05,0.55,3000,"sd","13:32:35",20597800
27.1,0.6,100,"bu","13:32:32",20594800
27.05,0.55,200,"bu","13:32:32",20594700
27.05,0.55,3800,"sd","13:32:31",20594500
27.05,0.55,1000,"sd","13:32:29",20590700
27.1,0.6,100,"bu","13:32:28",20589700
27.05,0.55,15400,"bu","13:32:23",20589600
27.05,0.55,1000,"bu","13:32:20",20574200
27.05,0.55,2400,"bu","13:32:17",20573200
27.05,0.55,9200,"bu","13:32:14",20570800
27.05,0.55,500,"bu","13:32:10",20561600
27.1,0.6,52200,"bu","13:32:05",20561100
27.05,0.55,1300,"bu","13:32:05",20508900
27.05,0.55,3700,"sd","13:32:04",20507600
27.05,0.55,2000,"sd","13:32:03",20503900
27.05,0.55,71000,"sd","13:32:01",20501900
27.05,0.55,500,"sd","13:31:59",20430900
27.05,0.55,2000,"sd","13:31:56",20430400
27.05,0.55,3500,"sd","13:31:55",20428400
27.05,0.55,2000,"sd","13:31:54",20424900
27.05,0.55,5000,"sd","13:31:54",20422900
27.05,0.55,100,"sd","13:31:53",20417900
27.05,0.55,1000,"sd","13:31:52",20417800
27.1,0.6,100,"bu","13:31:50",20416800
27.05,0.55,500,"sd","13:31:48",20416700
27.05,0.55,5000,"sd","13:31:48",20416200
27.05,0.55,1500,"sd","13:31:47",20411200
27.05,0.55,10000,"sd","13:31:46",20409700
27.05,0.55,16500,"sd","13:31:46",20399700
27.05,0.55,100,"sd","13:31:45",20383200
27.05,0.55,200,"sd","13:31:43",20383100
27.05,0.55,30000,"sd","13:31:42",20382900
27.05,0.55,1000,"sd","13:31:40",20352900
27.05,0.55,5000,"sd","13:31:33",20351900
27.05,0.55,1000,"sd","13:31:31",20346900
27.05,0.55,1000,"sd","13:31:29",20345900
27.05,0.55,200,"sd","13:31:27",20344900
27.05,0.55,5100,"sd","13:31:26",20344700
27.05,0.55,1500,"sd","13:31:22",20339600
27.05,0.55,200,"sd","13:31:15",20338100
27.05,0.55,200,"sd","13:31:13",20337900
27.05,0.55,200,"sd","13:31:12",20337700
27.05,0.55,500,"sd","13:31:10",20337500
27.05,0.55,100,"sd","13:31:05",20337000
27.05,0.55,100,"sd","13:31:03",20336900
27.1,0.6,50000,"bu","13:31:03",20336800
27.05,0.55,1000,"sd","13:31:00",20286800
27.05,0.55,2800,"sd","13:30:58",20285800
27.05,0.55,10000,"sd","13:30:57",20283000
27.05,0.55,5000,"sd","13:30:55",20273000
27.05,0.55,5000,"sd","13:30:53",20268000
27.05,0.55,101600,"sd","13:30:49",20263000
27.05,0.55,200,"sd","13:30:37",20161400
27.1,0.6,900,"bu","13:30:37",20161200
27.1,0.6,1200,"bu","13:30:36",20160300
27.05,0.55,100,"sd","13:30:26",20159100
27.05,0.55,10000,"sd","13:30:26",20159000
27.05,0.55,100,"sd","13:30:12",20149000
27.05,0.55,300,"sd","13:30:08",20148900
27.05,0.55,100,"sd","13:30:02",20148600
27.1,0.6,1000,"bu","13:29:58",20148500
27.05,0.55,2000,"sd","13:29:56",20147500
27.1,0.6,1000,"bu","13:29:53",20145500
27.1,0.6,900,"bu","13:29:48",20144500
27.05,0.55,200,"sd","13:29:43",20143600
27.1,0.6,100,"bu","13:29:36",20143400
27.05,0.55,500,"sd","13:29:34",20143300
27.1,0.6,1000,"bu","13:29:23",20142800
27.05,0.55,5000,"sd","13:29:19",20141800
27.05,0.55,3000,"sd","13:29:14",20136800
27.1,0.6,8800,"bu","13:29:05",20133800
27.05,0.55,600,"sd","13:29:03",20125000
27.1,0.6,4100,"bu","13:28:57",20124400
27.05,0.55,900,"sd","13:28:54",20120300
27.05,0.55,1000,"sd","13:28:51",20119400
27.05,0.55,10000,"sd","13:28:48",20118400
27.1,0.6,700,"bu","13:28:48",20108400
27.1,0.6,4800,"bu","13:28:45",20107700
27.05,0.55,2000,"sd","13:28:42",20102900
27.1,0.6,1200,"bu","13:28:41",20100900
27.1,0.6,1500,"bu","13:28:36",20099700
27.05,0.55,800,"sd","13:28:34",20098200
27.05,0.55,5000,"sd","13:28:15",20097400
27.05,0.55,500,"sd","13:28:14",20092400
27.05,0.55,22000,"sd","13:28:05",20091900
27.05,0.55,100,"sd","13:28:04",20069900
27.05,0.55,13000,"sd","13:28:04",20069800
27.05,0.55,5000,"sd","13:27:57",20056800
27.05,0.55,83000,"sd","13:27:55",20051800
27.05,0.55,5000,"sd","13:27:43",19968800
27.1,0.6,300,"bu","13:27:32",19963800
27.1,0.6,100,"bu","13:27:29",19963500
27.05,0.55,4000,"sd","13:27:24",19963400
27.1,0.6,5000,"bu","13:27:24",19959400
27.1,0.6,900,"bu","13:27:22",19954400
27.1,0.6,100,"bu","13:27:20",19953500
27.1,0.6,1600,"sd","13:27:18",19953400
27.1,0.6,20000,"sd","13:27:17",19951800
27.1,0.6,4300,"sd","13:27:12",19931800
27.1,0.6,5000,"sd","13:27:09",19927500
27.1,0.6,1000,"sd","13:27:06",19922500
27.1,0.6,2000,"sd","13:27:02",19921500
27.1,0.6,1000,"sd","13:27:02",19919500
27.1,0.6,100,"sd","13:27:01",19918500
27.1,0.6,2000,"sd","13:26:58",19918400
27.1,0.6,300,"sd","13:26:57",19916400
27.1,0.6,2100,"sd","13:26:50",19916100
27.1,0.6,15000,"sd","13:26:48",19914000
27.1,0.6,500,"sd","13:26:47",19899000
27.15,0.65,500,"bu","13:26:45",19898500
27.1,0.6,1000,"sd","13:26:44",19898000
27.1,0.6,200,"sd","13:26:41",19897000
27.1,0.6,5000,"sd","13:26:38",19896800
27.1,0.6,300,"sd","13:26:37",19891800
27.1,0.6,5100,"sd","13:26:34",19891500
27.1,0.6,1500,"sd","13:26:32",19886400
27.1,0.6,1000,"sd","13:26:26",19884900
27.1,0.6,18200,"sd","13:26:22",19883900
27.1,0.6,300,"sd","13:26:21",19865700
27.15,0.65,200,"bu","13:26:20",19865400
27.1,0.6,2500,"sd","13:26:16",19865200
27.1,0.6,1000,"sd","13:26:12",19862700
27.1,0.6,7000,"sd","13:26:09",19861700
27.1,0.6,1000,"sd","13:26:07",19854700
27.1,0.6,500,"sd","13:26:05",19853700
27.1,0.6,600,"sd","13:26:03",19853200
27.1,0.6,100,"sd","13:26:00",19852600
27.1,0.6,900,"sd","13:25:55",19852500
27.1,0.6,200,"sd","13:25:51",19851600
27.1,0.6,10000,"sd","13:25:50",19851400
27.1,0.6,500,"sd","13:25:49",19841400
27.1,0.6,10000,"sd","13:25:46",19840900
27.1,0.6,1000,"sd","13:25:45",19830900
27.1,0.6,100,"sd","13:25:43",19829900
27.1,0.6,100,"sd","13:25:32",19829800
27.15,0.65,200,"bu","13:25:32",19829700
27.1,0.6,500,"sd","13:25:29",19829500
27.15,0.65,3000,"bu","13:25:28",19829000
27.1,0.6,300,"sd","13:25:18",19826000
27.15,0.65,700,"bu","13:25:18",19825700
27.15,0.65,4000,"bu","13:25:05",19825000
27.1,0.6,1000,"sd","13:25:00",19821000
27.15,0.65,5000,"bu","13:24:56",19820000
27.15,0.65,1000,"bu","13:24:54",19815000
27.15,0.65,1100,"bu","13:24:51",19814000
27.15,0.65,10500,"bu","13:24:44",19812900
27.15,0.65,57000,"bu","13:24:39",19802400
27.15,0.65,20000,"bu","13:24:38",19745400
27.15,0.65,1300,"bu","13:24:35",19725400
27.15,0.65,100,"bu","13:24:26",19724100
27.15,0.65,400,"bu","13:24:24",19724000
27.15,0.65,3100,"sd","13:24:22",19723600
27.15,0.65,5000,"sd","13:24:21",19720500
27.15,0.65,200,"sd","13:24:20",19715500
27.15,0.65,3700,"sd","13:24:19",19715300
27.15,0.65,6300,"sd","13:24:18",19711600
27.15,0.65,100,"sd","13:24:18",19705300
27.2,0.7,100,"bu","13:24:17",19705200
27.2,0.7,400,"bu","13:24:14",19705100
27.2,0.7,500,"bu","13:24:14",19704700
27.15,0.65,6000,"sd","13:24:14",19704200
27.2,0.7,100,"bu","13:24:11",19698200
27.15,0.65,500,"sd","13:24:10",19698100
27.15,0.65,400,"sd","13:24:09",19697600
27.15,0.65,200,"sd","13:24:09",19697200
27.2,0.7,100,"bu","13:24:08",19697000
27.15,0.65,100,"sd","13:24:08",19696900
27.2,0.7,1200,"bu","13:24:07",19696800
27.2,0.7,1800,"bu","13:24:06",19695600
27.15,0.65,10000,"sd","13:24:05",19693800
27.15,0.65,1000,"sd","13:24:03",19683800
27.2,0.7,1000,"bu","13:24:02",19682800
27.15,0.65,4000,"sd","13:24:01",19681800
27.15,0.65,30000,"sd","13:24:01",19677800
27.15,0.65,2000,"sd","13:24:00",19647800
27.2,0.7,200,"bu","13:23:58",19645800
27.2,0.7,200,"bu","13:23:57",19645600
27.2,0.7,100,"bu","13:23:55",19645400
27.2,0.7,10000,"bu","13:23:53",19645300
27.2,0.7,300,"bu","13:23:50",19635300
27.15,0.65,5000,"sd","13:23:48",19635000
27.2,0.7,7400,"bu","13:23:46",19630000
27.15,0.65,7000,"sd","13:23:46",19622600
27.2,0.7,200,"bu","13:23:43",19615600
27.15,0.65,10000,"sd","13:23:42",19615400
27.15,0.65,1000,"sd","13:23:40",19605400
27.2,0.7,300,"bu","13:23:40",19604400
27.15,0.65,10000,"sd","13:23:38",19604100
27.15,0.65,5000,"sd","13:23:36",19594100
27.2,0.7,100,"bu","13:23:35",19589100
27.2,0.7,100,"bu","13:23:34",19589000
27.2,0.7,75200,"bu","13:23:33",19588900
27.2,0.7,100,"bu","13:23:30",19513700
27.2,0.7,600,"bu","13:23:29",19513600
27.15,0.65,1000,"sd","13:23:27",19513000
27.15,0.65,21200,"sd","13:23:23",19512000
27.2,0.7,700,"bu","13:23:21",19490800
27.15,0.65,1100,"sd","13:23:14",19490100
27.15,0.65,600,"sd","13:23:13",19489000
27.2,0.7,1000,"bu","13:23:12",19488400
27.2,0.7,3700,"bu","13:23:09",19487400
27.15,0.65,200,"sd","13:23:06",19483700
27.15,0.65,10000,"sd","13:23:00",19483500
27.15,0.65,6000,"sd","13:22:58",19473500
27.15,0.65,100,"sd","13:22:57",19467500
27.2,0.7,100,"bu","13:22:57",19467400
27.15,0.65,200,"sd","13:22:56",19467300
27.2,0.7,300,"bu","13:22:51",19467100
27.2,0.7,12100,"bu","13:22:48",19466800
27.15,0.65,20300,"bu","13:22:48",19454700
27.15,0.65,7000,"bu","13:22:47",19434400
27.15,0.65,24000,"bu","13:22:46",19427400
27.15,0.65,2300,"bu","13:22:45",19403400
27.15,0.65,300000,"bu","13:22:43",19401100
27.15,0.65,1000,"bu","13:22:36",19101100
27.15,0.65,3000,"bu","13:22:35",19100100
27.15,0.65,23000,"bu","13:22:35",19097100
27.15,0.65,400,"bu","13:22:33",19074100
27.1,0.6,100,"sd","13:22:30",19073700
27.15,0.65,2000,"bu","13:22:28",19073600
27.15,0.65,5200,"bu","13:22:27",19071600
27.15,0.65,2000,"bu","13:22:05",19066400
27.1,0.6,2000,"sd","13:22:03",19064400
27.1,0.6,600,"sd","13:22:02",19062400
27.1,0.6,500,"sd","13:21:48",19061800
27.15,0.65,500,"bu","13:21:47",19061300
27.1,0.6,500,"sd","13:21:31",19060800
27.1,0.6,100,"sd","13:21:30",19060300
27.1,0.6,400,"sd","13:21:27",19060200
27.1,0.6,100,"sd","13:21:22",19059800
27.15,0.65,500,"bu","13:21:22",19059700
27.15,0.65,5000,"bu","13:21:21",19059200
27.1,0.6,8100,"bu","13:21:16",19054200
27.1,0.6,800,"bu","13:21:15",19046100
27.1,0.6,1400,"bu","13:21:13",19045300
27.1,0.6,13200,"bu","13:21:11",19043900
27.1,0.6,100,"bu","13:21:09",19030700
27.1,0.6,2000,"bu","13:21:09",19030600
27.1,0.6,1000,"bu","13:21:08",19028600
27.1,0.6,2000,"bu","13:21:07",19027600
27.1,0.6,2100,"bu","13:21:06",19025600
27.1,0.6,10000,"bu","13:21:05",19023500
27.1,0.6,1000,"bu","13:21:05",19013500
27.1,0.6,100000,"bu","13:21:04",19012500
27.1,0.6,2000,"bu","13:21:01",18912500
27.1,0.6,500,"bu","13:20:53",18910500
27.1,0.6,4000,"bu","13:20:48",18910000
27.05,0.55,1000,"sd","13:20:45",18906000
27.1,0.6,500,"bu","13:20:43",18905000
27.1,0.6,200,"bu","13:20:39",18904500
27.1,0.6,2600,"bu","13:20:33",18904300
27.1,0.6,300,"bu","13:20:29",18901700
27.1,0.6,500,"bu","13:20:25",18901400
27.1,0.6,300,"bu","13:20:24",18900900
27.1,0.6,1000,"bu","13:20:19",18900600
27.1,0.6,300,"bu","13:20:10",18899600
27.05,0.55,500,"sd","13:20:05",18899300
27.05,0.55,300,"sd","13:20:04",18898800
27.05,0.55,200,"sd","13:19:59",18898500
27.05,0.55,200,"sd","13:19:58",18898300
27.1,0.6,900,"bu","13:19:58",18898100
27.05,0.55,400,"sd","13:19:55",18897200
27.1,0.6,7300,"bu","13:19:53",18896800
27.05,0.55,10000,"sd","13:19:50",18889500
27.1,0.6,7000,"bu","13:19:49",18879500
27.1,0.6,21100,"bu","13:19:48",18872500
27.05,0.55,500,"sd","13:19:47",18851400
27.05,0.55,100,"sd","13:19:41",18850900
27.1,0.6,100,"bu","13:19:39",18850800
27.05,0.55,1000,"sd","13:19:38",18850700
27.1,0.6,100,"bu","13:19:37",18849700
27.05,0.55,300,"sd","13:19:37",18849600
27.05,0.55,300,"sd","13:19:22",18849300
27.1,0.6,30000,"bu","13:19:19",18849000
27.1,0.6,78800,"bu","13:19:17",18819000
27.05,0.55,121200,"bu","13:19:17",18740200
27,0.5,2000,"sd","13:19:17",18619000
27.05,0.55,100,"bu","13:19:12",18617000
27.05,0.55,100,"bu","13:19:07",18616900
27,0.5,700,"sd","13:19:05",18616800
27,0.5,2600,"sd","13:19:03",18616100
27,0.5,18000,"sd","13:18:59",18613500
27,0.5,400,"sd","13:18:57",18595500
27,0.5,1200,"sd","13:18:54",18595100
27,0.5,2200,"sd","13:18:46",18593900
27,0.5,100,"sd","13:18:44",18591700
27,0.5,500,"sd","13:18:39",18591600
27,0.5,100,"sd","13:18:34",18591100
27,0.5,100,"bu","13:18:31",18591000
27,0.5,100,"bu","13:18:30",18590900
27,0.5,1000,"bu","13:18:28",18590800
27,0.5,5000,"bu","13:18:27",18589800
27,0.5,500,"bu","13:18:26",18584800
27,0.5,500,"bu","13:18:24",18584300
27,0.5,1000,"bu","13:18:23",18583800
27,0.5,7000,"bu","13:18:21",18582800
27,0.5,300,"bu","13:18:19",18575800
27,0.5,1000,"bu","13:18:19",18575500
27,0.5,1000,"bu","13:18:13",18574500
27,0.5,500,"bu","13:18:13",18573500
27,0.5,1000,"bu","13:18:12",18573000
27,0.5,5000,"bu","13:18:10",18572000
27,0.5,100,"bu","13:18:09",18567000
27,0.5,2000,"bu","13:18:04",18566900
27,0.5,200,"sd","13:18:00",18564900
27,0.5,1000,"sd","13:17:59",18564700
27,0.5,1000,"sd","13:17:58",18563700
27,0.5,3000,"sd","13:17:56",18562700
27,0.5,2000,"sd","13:17:55",18559700
27,0.5,13300,"bu","13:17:52",18557700
27,0.5,3000,"bu","13:17:51",18544400
27,0.5,300,"bu","13:17:50",18541400
27,0.5,2700,"sd","13:17:49",18541100
27,0.5,300,"bu","13:17:48",18538400
27,0.5,5000,"bu","13:17:45",18538100
27,0.5,4100,"bu","13:17:44",18533100
27,0.5,100,"bu","13:17:43",18529000
27,0.5,3900,"sd","13:17:41",18528900
27,0.5,200,"bu","13:17:39",18525000
27,0.5,800,"sd","13:17:38",18524800
27,0.5,10000,"sd","13:17:37",18524000
27,0.5,200,"sd","13:17:36",18514000
27,0.5,5000,"sd","13:17:33",18513800
27,0.5,3000,"sd","13:17:32",18508800
27,0.5,2100,"sd","13:17:31",18505800
27,0.5,22400,"bu","13:17:26",18503700
27,0.5,4100,"bu","13:17:23",18481300
27,0.5,20000,"bu","13:17:22",18477200
27,0.5,6000,"bu","13:17:21",18457200
27,0.5,200,"bu","13:17:18",18451200
27,0.5,347300,"sd","13:17:15",18451000
27,0.5,1000,"sd","13:17:13",18103700
27.05,0.55,1000,"bu","13:17:09",18102700
27.05,0.55,12000,"bu","13:17:03",18101700
27,0.5,1200,"sd","13:17:00",18089700
27,0.5,400,"sd","13:16:54",18088500
27,0.5,500,"sd","13:16:53",18088100
27,0.5,3000,"sd","13:16:51",18087600
27,0.5,5200,"sd","13:16:50",18084600
27,0.5,1000,"sd","13:16:47",18079400
27,0.5,1000,"sd","13:16:45",18078400
27,0.5,600,"sd","13:16:45",18077400
27,0.5,11300,"sd","13:16:42",18076800
27,0.5,800,"sd","13:16:41",18065500
27,0.5,500,"sd","13:16:41",18064700
27,0.5,13000,"sd","13:16:39",18064200
27,0.5,200,"sd","13:16:36",18051200
27,0.5,1000,"sd","13:16:35",18051000
27,0.5,200,"sd","13:16:31",18050000
27,0.5,5000,"sd","13:16:27",18049800
27,0.5,1000,"sd","13:16:26",18044800
27,0.5,2100,"sd","13:16:20",18043800
27,0.5,200,"sd","13:16:15",18041700
27.05,0.55,300,"bu","13:16:15",18041500
27,0.5,500,"sd","13:16:13",18041200
27,0.5,500,"sd","13:16:06",18040700
27.05,0.55,300,"bu","13:16:04",18040200
27,0.5,5000,"sd","13:15:55",18039900
27.05,0.55,2000,"bu","13:15:52",18034900
27,0.5,300,"sd","13:15:49",18032900
27.05,0.55,15000,"bu","13:15:44",18032600
27,0.5,5000,"sd","13:15:44",18017600
27.05,0.55,1700,"bu","13:15:42",18012600
27.05,0.55,4000,"bu","13:15:38",18010900
27.05,0.55,10000,"bu","13:15:30",18006900
27.05,0.55,6200,"bu","13:15:28",17996900
27.05,0.55,800,"bu","13:15:25",17990700
27.05,0.55,3100,"bu","13:15:23",17989900
27,0.5,100,"sd","13:15:19",17986800
27.05,0.55,1000,"bu","13:15:12",17986700
27.05,0.55,4400,"bu","13:15:08",17985700
27.05,0.55,5000,"bu","13:15:04",17981300
27,0.5,300,"sd","13:15:00",17976300
27.05,0.55,5000,"bu","13:14:57",17976000
27,0.5,100,"sd","13:14:53",17971000
27.05,0.55,47100,"sd","13:14:47",17970900
27.05,0.55,5000,"sd","13:14:46",17923800
27.05,0.55,10000,"sd","13:14:46",17918800
27.05,0.55,1100,"sd","13:14:44",17908800
27.05,0.55,2000,"sd","13:14:43",17907700
27.05,0.55,500,"sd","13:14:43",17905700
27.05,0.55,2000,"sd","13:14:42",17905200
27.05,0.55,1000,"sd","13:14:41",17903200
27.05,0.55,10000,"sd","13:14:41",17902200
27.05,0.55,100,"sd","13:14:39",17892200
27.05,0.55,2000,"sd","13:14:38",17892100
27.05,0.55,10000,"sd","13:14:36",17890100
27.05,0.55,1000,"sd","13:14:35",17880100
27.05,0.55,10000,"sd","13:14:34",17879100
27.05,0.55,300,"sd","13:14:32",17869100
27.05,0.55,600,"sd","13:14:30",17868800
27.05,0.55,2000,"sd","13:14:24",17868200
27.05,0.55,3000,"sd","13:14:24",17866200
27.05,0.55,2000,"sd","13:14:16",17863200
27.1,0.6,1000,"bu","13:14:15",17861200
27.05,0.55,11100,"sd","13:14:14",17860200
27.05,0.55,50000,"sd","13:14:09",17849100
27.1,0.6,500,"bu","13:14:09",17799100
27.05,0.55,5000,"sd","13:14:02",17798600
27.05,0.55,5200,"sd","13:14:00",17793600
27.1,0.6,100,"bu","13:13:54",17788400
27.05,0.55,500,"sd","13:13:52",17788300
27.05,0.55,100,"sd","13:13:43",17787800
27.05,0.55,1000,"sd","13:13:42",17787700
27.05,0.55,1000,"bu","13:13:39",17786700
27.05,0.55,54500,"bu","13:13:38",17785700
27.05,0.55,5000,"bu","13:13:35",17731200
27.05,0.55,1800,"bu","13:13:30",17726200
27.05,0.55,1000,"bu","13:13:29",17724400
27.05,0.55,1000,"bu","13:13:27",17723400
27.05,0.55,100,"bu","13:13:25",17722400
27.05,0.55,2000,"bu","13:13:20",17722300
27.05,0.55,800,"bu","13:13:19",17720300
27.05,0.55,12000,"bu","13:13:17",17719500
27.05,0.55,300,"bu","13:13:15",17707500
27.05,0.55,300,"bu","13:13:15",17707200
27.05,0.55,300,"bu","13:13:14",17706900
27,0.5,30000,"sd","13:13:14",17706600
27.05,0.55,2000,"bu","13:13:13",17676600
27,0.5,5000,"sd","13:13:12",17674600
27.05,0.55,400,"bu","13:13:10",17669600
27.05,0.55,200000,"bu","13:13:07",17669200
27.05,0.55,3300,"bu","13:12:55",17469200
27,0.5,2600,"sd","13:12:52",17465900
27,0.5,1000,"sd","13:12:51",17463300
27.05,0.55,200,"bu","13:12:51",17462300
27,0.5,500,"sd","13:12:51",17462100
27,0.5,300,"sd","13:12:48",17461600
27,0.5,2400,"sd","13:12:39",17461300
27,0.5,6700,"sd","13:12:37",17458900
27,0.5,3000,"sd","13:12:36",17452200
27,0.5,5000,"sd","13:12:34",17449200
27,0.5,1000,"sd","13:12:31",17444200
27,0.5,100,"sd","13:12:27",17443200
27,0.5,2000,"sd","13:12:21",17443100
27,0.5,100,"sd","13:12:12",17441100
27,0.5,1000,"sd","13:12:10",17441000
27,0.5,10000,"sd","13:12:08",17440000
27,0.5,500,"sd","13:12:05",17430000
27,0.5,1500,"sd","13:12:04",17429500
27,0.5,500,"sd","13:12:03",17428000
27,0.5,2000,"sd","13:12:01",17427500
27,0.5,10000,"sd","13:11:50",17425500
27.05,0.55,100,"bu","13:11:42",17415500
27,0.5,5800,"sd","13:11:34",17415400
27.05,0.55,100,"bu","13:11:29",17409600
27,0.5,500,"sd","13:11:26",17409500
27.05,0.55,1000,"bu","13:11:26",17409000
27.05,0.55,100,"bu","13:11:24",17408000
27.05,0.55,500,"bu","13:11:18",17407900
27,0.5,2900,"sd","13:11:12",17407400
27,0.5,600,"sd","13:11:08",17404500
27,0.5,3000,"sd","13:11:03",17403900
27,0.5,3000,"sd","13:10:58",17400900
27.05,0.55,2200,"bu","13:10:45",17397900
27,0.5,3000,"sd","13:10:39",17395700
27,0.5,12000,"sd","13:10:34",17392700
27,0.5,100,"sd","13:10:30",17380700
27.05,0.55,1800,"bu","13:10:24",17380600
27.05,0.55,100,"bu","13:10:23",17378800
27.05,0.55,800,"bu","13:10:21",17378700
27.05,0.55,600,"bu","13:10:15",17377900
27.05,0.55,400,"sd","13:10:10",17377300
27.05,0.55,500,"sd","13:10:09",17376900
27.05,0.55,10000,"sd","13:10:08",17376400
27.05,0.55,6000,"sd","13:10:07",17366400
27.05,0.55,6800,"sd","13:10:07",17360400
27.05,0.55,100,"sd","13:10:01",17353600
27.05,0.55,100,"sd","13:09:59",17353500
27.05,0.55,10000,"sd","13:09:58",17353400
27.05,0.55,17400,"bu","13:09:57",17343400
27.05,0.55,30000,"bu","13:09:56",17326000
27.05,0.55,500,"bu","13:09:53",17296000
27.05,0.55,1000,"bu","13:09:52",17295500
27.05,0.55,2000,"bu","13:09:50",17294500
27.05,0.55,8500,"bu","13:09:46",17292500
27.05,0.55,300,"bu","13:09:44",17284000
27.05,0.55,7800,"bu","13:09:44",17283700
27.05,0.55,20000,"bu","13:09:41",17275900
27.05,0.55,200,"bu","13:09:39",17255900
27.05,0.55,15500,"bu","13:09:38",17255700
27,0.5,1000,"sd","13:09:36",17240200
27.05,0.55,300,"bu","13:09:35",17239200
27.05,0.55,80000,"bu","13:09:33",17238900
27.05,0.55,18000,"bu","13:09:32",17158900
27.05,0.55,1100,"bu","13:09:27",17140900
27,0.5,600,"sd","13:09:23",17139800
27.05,0.55,3000,"bu","13:09:22",17139200
27.05,0.55,5000,"bu","13:09:18",17136200
27.05,0.55,1200,"bu","13:09:07",17131200
27,0.5,100,"sd","13:09:07",17130000
27,0.5,1600,"sd","13:09:01",17129900
27,0.5,1500,"sd","13:08:57",17128300
27.05,0.55,8000,"bu","13:08:55",17126800
27.05,0.55,7100,"bu","13:08:51",17118800
27.05,0.55,100,"bu","13:08:49",17111700
27,0.5,1200,"sd","13:08:48",17111600
27,0.5,1600,"sd","13:08:45",17110400
27,0.5,10000,"sd","13:08:42",17108800
27.05,0.55,2300,"bu","13:08:39",17098800
27.05,0.55,1400,"bu","13:08:31",17096500
27.05,0.55,31300,"sd","13:08:18",17095100
27.05,0.55,5000,"sd","13:08:18",17063800
27.05,0.55,400,"sd","13:08:17",17058800
27.05,0.55,1000,"sd","13:08:17",17058400
27.05,0.55,500,"sd","13:08:16",17057400
27.05,0.55,2000,"sd","13:08:14",17056900
27.05,0.55,10500,"sd","13:08:13",17054900
27.05,0.55,800,"sd","13:08:13",17044400
27.05,0.55,3000,"sd","13:08:11",17043600
27.05,0.55,2600,"sd","13:08:10",17040600
27.1,0.6,100,"bu","13:08:09",17038000
27.05,0.55,500,"sd","13:08:09",17037900
27.05,0.55,4300,"sd","13:08:08",17037400
27.05,0.55,2400,"sd","13:08:06",17033100
27.05,0.55,1000,"sd","13:08:05",17030700
27.05,0.55,4400,"sd","13:08:04",17029700
27.05,0.55,700,"sd","13:08:00",17025300
27.05,0.55,26000,"sd","13:07:59",17024600
27.05,0.55,1100,"sd","13:07:56",16998600
27.05,0.55,900,"sd","13:07:53",16997500
27.05,0.55,11000,"sd","13:07:51",16996600
27.05,0.55,10000,"sd","13:07:50",16985600
27.1,0.6,100,"bu","13:07:49",16975600
27.1,0.6,9000,"bu","13:07:48",16975500
27.05,0.55,100,"sd","13:07:48",16966500
27.05,0.55,1000,"sd","13:07:46",16966400
27.05,0.55,2000,"sd","13:07:45",16965400
27.05,0.55,2000,"sd","13:07:43",16963400
27.05,0.55,1500,"sd","13:07:41",16961400
27.05,0.55,100,"sd","13:07:30",16959900
27.05,0.55,5000,"sd","13:07:29",16959800
27.05,0.55,4000,"sd","13:07:28",16954800
27.05,0.55,10500,"sd","13:07:28",16950800
27.1,0.6,400,"bu","13:07:27",16940300
27.05,0.55,500,"sd","13:07:22",16939900
27.05,0.55,800,"sd","13:07:20",16939400
27.05,0.55,1900,"sd","13:07:12",16938600
27.05,0.55,1000,"sd","13:07:08",16936700
27.1,0.6,1300,"bu","13:07:08",16935700
27.05,0.55,500,"sd","13:07:07",16934400
27.05,0.55,500,"sd","13:06:58",16933900
27.1,0.6,500,"bu","13:06:58",16933400
27.05,0.55,4000,"sd","13:06:55",16932900
27.1,0.6,7400,"bu","13:06:51",16928900
27.05,0.55,1000,"sd","13:06:49",16921500
27.1,0.6,200,"bu","13:06:42",16920500
27.1,0.6,2000,"bu","13:06:41",16920300
27.05,0.55,600,"sd","13:06:38",16918300
27.1,0.6,1000,"bu","13:06:33",16917700
27.1,0.6,500,"bu","13:06:29",16916700
27.1,0.6,500,"bu","13:06:28",16916200
27.1,0.6,200,"bu","13:06:27",16915700
27.1,0.6,1000,"bu","13:06:18",16915500
27.1,0.6,11000,"bu","13:06:17",16914500
27.1,0.6,5000,"bu","13:06:15",16903500
27.1,0.6,70600,"sd","13:06:14",16898500
27.1,0.6,29400,"bu","13:06:12",16827900
27.1,0.6,2200,"bu","13:06:08",16798500
27.1,0.6,20000,"bu","13:06:03",16796300
27.1,0.6,7700,"bu","13:06:00",16776300
27.1,0.6,500,"bu","13:05:56",16768600
27.1,0.6,4000,"sd","13:05:51",16768100
27.1,0.6,24000,"sd","13:05:48",16764100
27.1,0.6,1000,"sd","13:05:46",16740100
27.1,0.6,100,"sd","13:05:46",16739100
27.15,0.65,1500,"bu","13:05:46",16739000
27.1,0.6,2600,"sd","13:05:45",16737500
27.1,0.6,12000,"sd","13:05:44",16734900
27.1,0.6,1000,"sd","13:05:42",16722900
27.1,0.6,1000,"sd","13:05:41",16721900
27.1,0.6,39100,"sd","13:05:41",16720900
27.1,0.6,200,"sd","13:05:35",16681800
27.1,0.6,3000,"sd","13:05:33",16681600
27.1,0.6,900,"sd","13:05:31",16678600
27.1,0.6,1000,"sd","13:05:30",16677700
27.1,0.6,100,"sd","13:05:23",16676700
27.1,0.6,100,"sd","13:05:21",16676600
27.15,0.65,2000,"bu","13:05:21",16676500
27.1,0.6,15200,"sd","13:05:20",16674500
27.1,0.6,300,"sd","13:05:19",16659300
27.1,0.6,100,"sd","13:05:17",16659000
27.15,0.65,200,"bu","13:05:15",16658900
27.1,0.6,100,"sd","13:05:15",16658700
27.1,0.6,500,"sd","13:05:14",16658600
27.1,0.6,100,"sd","13:05:13",16658100
27.1,0.6,200,"sd","13:05:12",16658000
27.1,0.6,1500,"sd","13:05:10",16657800
27.1,0.6,20000,"sd","13:05:08",16656300
27.1,0.6,3900,"bu","13:05:06",16636300
27.1,0.6,2500,"bu","13:05:05",16632400
27.1,0.6,4700,"bu","13:05:02",16629900
27.1,0.6,1000,"bu","13:05:00",16625200
27.05,0.55,10000,"sd","13:05:00",16624200
27.1,0.6,2000,"bu","13:04:57",16614200
27.1,0.6,4000,"bu","13:04:56",16612200
27.1,0.6,15800,"sd","13:04:54",16608200
27.1,0.6,1000,"sd","13:04:52",16592400
27.1,0.6,100,"sd","13:04:51",16591400
27.1,0.6,25700,"bu","13:04:49",16591300
27.1,0.6,20000,"bu","13:04:47",16565600
27.05,0.55,100,"sd","13:04:47",16545600
27.1,0.6,900,"bu","13:04:47",16545500
27.1,0.6,31000,"bu","13:04:46",16544600
27.1,0.6,20000,"bu","13:04:44",16513600
27.1,0.6,4500,"bu","13:04:42",16493600
27.1,0.6,100000,"bu","13:04:41",16489100
27.05,0.55,5000,"sd","13:04:39",16389100
27.1,0.6,3500,"bu","13:04:33",16384100
27.1,0.6,4000,"bu","13:04:31",16380600
27.1,0.6,7000,"bu","13:04:29",16376600
27.1,0.6,200,"bu","13:04:28",16369600
27.1,0.6,50000,"bu","13:04:24",16369400
27.1,0.6,4700,"bu","13:04:23",16319400
27.05,0.55,500,"sd","13:04:19",16314700
27.05,0.55,200,"sd","13:04:19",16314200
27.05,0.55,500,"sd","13:04:18",16314000
27.05,0.55,1000,"sd","13:04:16",16313500
27.05,0.55,100,"sd","13:04:15",16312500
27.05,0.55,100,"sd","13:04:12",16312400
27.05,0.55,1000,"sd","13:04:11",16312300
27.05,0.55,1100,"sd","13:04:10",16311300
27.05,0.55,200,"sd","13:04:10",16310200
27.1,0.6,300,"bu","13:04:09",16310000
27.05,0.55,1000,"sd","13:04:09",16309700
27.05,0.55,500,"sd","13:04:04",16308700
27.05,0.55,5100,"sd","13:04:01",16308200
27.05,0.55,2000,"sd","13:04:00",16303100
27.05,0.55,1400,"bu","13:03:59",16301100
27.05,0.55,1600,"sd","13:03:59",16299700
27.05,0.55,7100,"sd","13:03:58",16298100
27.05,0.55,1000,"sd","13:03:55",16291000
27.1,0.6,200,"bu","13:03:55",16290000
27.05,0.55,7000,"sd","13:03:55",16289800
27.05,0.55,3500,"sd","13:03:54",16282800
27.05,0.55,1000,"sd","13:03:53",16279300
27.05,0.55,1000,"sd","13:03:52",16278300
27.05,0.55,19800,"sd","13:03:51",16277300
27.05,0.55,1200,"sd","13:03:46",16257500
27.05,0.55,300,"sd","13:03:44",16256300
27.05,0.55,100,"sd","13:03:43",16256000
27.05,0.55,4000,"sd","13:03:39",16255900
27.05,0.55,56800,"sd","13:03:36",16251900
27.1,0.6,100,"bu","13:03:30",16190100
27.1,0.6,3000,"bu","13:03:24",16190000
27.1,0.6,400,"bu","13:03:24",16187000
27.1,0.6,50000,"bu","13:03:18",16186600
27.1,0.6,100,"bu","13:03:13",16136600
27.1,0.6,900,"bu","13:03:10",16136500
27.1,0.6,29800,"sd","13:03:09",16135600
27.1,0.6,1400,"sd","13:03:09",16105800
27.1,0.6,2000,"sd","13:03:08",16104400
27.1,0.6,100,"sd","13:03:07",16102400
27.1,0.6,2400,"sd","13:03:05",16102300
27.1,0.6,500,"sd","13:03:02",16099900
27.1,0.6,1200,"sd","13:03:01",16099400
27.1,0.6,1100,"sd","13:03:00",16098200
27.1,0.6,18500,"bu","13:02:59",16097100
27.1,0.6,200,"bu","13:02:57",16078600
27.1,0.6,100,"bu","13:02:55",16078400
27.1,0.6,50000,"bu","13:02:54",16078300
27.1,0.6,500,"bu","13:02:44",16028300
27.05,0.55,500,"sd","13:02:44",16027800
27.1,0.6,1300,"bu","13:02:30",16027300
27.1,0.6,300,"bu","13:02:29",16026000
27.1,0.6,9800,"bu","13:02:26",16025700
27.05,0.55,300,"sd","13:02:25",16015900
27.1,0.6,2300,"bu","13:02:23",16015600
27.1,0.6,1000,"bu","13:02:19",16013300
27.1,0.6,800,"bu","13:02:16",16012300
27.1,0.6,29100,"sd","13:02:15",16011500
27.1,0.6,1100,"sd","13:02:13",15982400
27.1,0.6,300,"sd","13:02:09",15981300
27.1,0.6,76900,"bu","13:02:06",15981000
27.1,0.6,100,"bu","13:02:05",15904100
27.1,0.6,5000,"bu","13:02:04",15904000
27.05,0.55,400,"sd","13:01:53",15899000
27.05,0.55,5000,"sd","13:01:50",15898600
27.1,0.6,400,"bu","13:01:49",15893600
27.05,0.55,2000,"sd","13:01:48",15893200
27.05,0.55,200,"sd","13:01:47",15891200
27.1,0.6,100000,"bu","13:01:46",15891000
27.05,0.55,100,"sd","13:01:45",15791000
27.05,0.55,100,"sd","13:01:43",15790900
27.05,0.55,7200,"sd","13:01:42",15790800
27.05,0.55,200,"sd","13:01:40",15783600
27.05,0.55,2500,"sd","13:01:37",15783400
27.05,0.55,1400,"bu","13:01:34",15780900
27.05,0.55,5000,"bu","13:01:32",15779500
27.05,0.55,2000,"bu","13:01:32",15774500
27.05,0.55,10200,"bu","13:01:30",15772500
27.05,0.55,2000,"bu","13:01:28",15762300
27.05,0.55,5800,"bu","13:01:28",15760300
27.05,0.55,1900,"bu","13:01:24",15754500
27.05,0.55,2900,"sd","13:01:21",15752600
27.05,0.55,100,"sd","13:01:17",15749700
27.1,0.6,4000,"bu","13:01:11",15749600
27.05,0.55,1500,"sd","13:01:10",15745600
27.1,0.6,300,"bu","13:01:06",15744100
27.05,0.55,5000,"sd","13:01:05",15743800
27.1,0.6,200,"bu","13:01:05",15738800
27.05,0.55,300,"sd","13:01:05",15738600
27.05,0.55,19000,"bu","13:00:52",15738300
27.05,0.55,40000,"bu","13:00:49",15719300
27.05,0.55,16000,"bu","13:00:45",15679300
27,0.5,1000,"sd","13:00:43",15663300
27,0.5,15000,"sd","13:00:41",15662300
27,0.5,1000,"sd","13:00:35",15647300
27.05,0.55,5000,"bu","13:00:35",15646300
27,0.5,7000,"sd","13:00:28",15641300
27,0.5,3800,"sd","13:00:25",15634300
27.05,0.55,600,"bu","13:00:25",15630500
27,0.5,7200,"sd","13:00:24",15629900
27.05,0.55,1000,"bu","13:00:23",15622700
27,0.5,100,"sd","13:00:22",15621700
27.05,0.55,200,"bu","13:00:22",15621600
27,0.5,2000,"sd","13:00:20",15621400
27,0.5,10500,"sd","13:00:20",15619400
27,0.5,200,"sd","13:00:19",15608900
27,0.5,5000,"sd","13:00:19",15608700
27.05,0.55,1500,"bu","13:00:18",15603700
27,0.5,400,"sd","13:00:18",15602200
27,0.5,400,"sd","13:00:18",15601800
27,0.5,3000,"sd","13:00:17",15601400
27,0.5,1200,"sd","13:00:17",15598400
27,0.5,2300,"sd","13:00:16",15597200
27,0.5,1400,"sd","13:00:15",15594900
27,0.5,2100,"sd","13:00:14",15593500
27.05,0.55,300,"bu","13:00:12",15591400
27,0.5,600,"sd","13:00:12",15591100
27.05,0.55,200,"bu","13:00:12",15590500
27,0.5,2500,"sd","13:00:11",15590300
27,0.5,5200,"sd","13:00:11",15587800
27,0.5,700,"sd","13:00:10",15582600
27,0.5,2500,"sd","13:00:08",15581900
27,0.5,18000,"sd","13:00:07",15579400
27,0.5,11000,"sd","13:00:07",15561400
27.05,0.55,4000,"bu","13:00:07",15550400
27,0.5,1700,"sd","13:00:07",15546400
27,0.5,10300,"sd","13:00:06",15544700
27.05,0.55,3000,"bu","13:00:06",15534400
27,0.5,4300,"sd","13:00:06",15531400
27,0.5,1200,"sd","13:00:05",15527100
27,0.5,100,"sd","13:00:04",15525900
27,0.5,1200,"sd","13:00:04",15525800
27.05,0.55,100,"bu","13:00:03",15524600
27,0.5,900,"sd","13:00:03",15524500
27,0.5,900,"sd","13:00:03",15523600
27,0.5,12000,"sd","13:00:02",15522700
27.05,0.55,5000,"bu","13:00:02",15510700
27,0.5,8500,"sd","13:00:01",15505700
27,0.5,300,"sd","13:00:01",15496200
27,0.5,21200,"sd","13:00:01",15495900
27.05,0.55,800,"bu","13:00:01",15474700
27,0.5,5500,"sd","13:00:01",15473900
27,0.5,1000,"sd","11:29:55",15468200
27,0.5,900,"sd","11:29:52",15467200
27.05,0.55,100,"bu","11:29:42",15466300
27.05,0.55,2000,"bu","11:29:32",15466200
27,0.5,2000,"sd","11:29:24",15464200
27.05,0.55,800,"bu","11:29:11",15462200
27,0.5,1500,"sd","11:29:11",15461400
27.05,0.55,900,"bu","11:29:07",15459900
27.05,0.55,300,"bu","11:29:02",15459000
27.05,0.55,200,"bu","11:29:00",15458700
27.05,0.55,5000,"bu","11:28:57",15458500
27.05,0.55,500,"bu","11:28:56",15453500
27.05,0.55,200,"bu","11:28:52",15453000
27.05,0.55,1000,"bu","11:28:48",15452800
27.05,0.55,100,"bu","11:28:45",15451800
27.05,0.55,3000,"bu","11:28:39",15451700
27,0.5,10000,"sd","11:28:37",15448700
27.05,0.55,400,"bu","11:28:34",15438700
27,0.5,2600,"sd","11:28:32",15438300
27.05,0.55,700,"sd","11:28:32",15435700
27.05,0.55,2000,"sd","11:28:29",15435000
27.05,0.55,200,"sd","11:28:27",15433000
27.05,0.55,100,"sd","11:28:26",15432800
27.05,0.55,100,"sd","11:28:22",15432700
27.05,0.55,4600,"bu","11:28:21",15432600
27.05,0.55,10000,"bu","11:28:19",15428000
27.05,0.55,5000,"bu","11:28:18",15418000
27.05,0.55,600,"bu","11:28:15",15413000
27.05,0.55,2000,"bu","11:28:12",15412400
27.05,0.55,11000,"bu","11:28:10",15410400
27.05,0.55,5800,"bu","11:28:04",15399400
27.05,0.55,1000,"bu","11:28:03",15393600
27,0.5,1000,"sd","11:28:03",15392600
27,0.5,800,"sd","11:28:00",15391600
27.05,0.55,1700,"bu","11:27:59",15390800
27.05,0.55,1000,"bu","11:27:58",15389100
27.05,0.55,100,"bu","11:27:55",15388100
27.05,0.55,3000,"bu","11:27:54",15388000
27.05,0.55,1000,"bu","11:27:48",15385000
27.05,0.55,1000,"bu","11:27:46",15384000
27.05,0.55,8300,"bu","11:27:43",15383000
27.05,0.55,13700,"bu","11:27:43",15374700
27.05,0.55,700,"bu","11:27:41",15361000
27.05,0.55,1000,"bu","11:27:38",15360300
27.05,0.55,2000,"bu","11:27:37",15359300
27.05,0.55,3400,"bu","11:27:27",15357300
27,0.5,800,"sd","11:27:25",15353900
27,0.5,3000,"sd","11:27:23",15353100
27,0.5,8400,"sd","11:27:08",15350100
27,0.5,100,"sd","11:27:07",15341700
27.05,0.55,10300,"bu","11:27:05",15341600
27,0.5,700,"sd","11:26:54",15331300
27,0.5,10000,"sd","11:26:50",15330600
27,0.5,14800,"bu","11:26:44",15320600
27,0.5,5000,"bu","11:26:43",15305800
27,0.5,900,"bu","11:26:41",15300800
27,0.5,300,"bu","11:26:40",15299900
26.95,0.45,14000,"sd","11:26:40",15299600
27,0.5,3000,"bu","11:26:35",15285600
27,0.5,200,"bu","11:26:33",15282600
27,0.5,2400,"bu","11:26:32",15282400
27,0.5,10000,"bu","11:26:31",15280000
27,0.5,200,"bu","11:26:30",15270000
26.95,0.45,10000,"sd","11:26:29",15269800
26.95,0.45,100,"sd","11:26:25",15259800
27,0.5,1500,"bu","11:26:25",15259700
27,0.5,3000,"bu","11:26:24",15258200
27,0.5,400,"bu","11:26:22",15255200
27,0.5,3000,"bu","11:26:21",15254800
27,0.5,30000,"bu","11:26:21",15251800
26.95,0.45,10000,"sd","11:26:13",15221800
27,0.5,100,"bu","11:26:04",15211800
27,0.5,300,"bu","11:26:01",15211700
26.95,0.45,10000,"sd","11:26:00",15211400
27,0.5,100,"bu","11:25:57",15201400
26.95,0.45,100,"sd","11:25:57",15201300
26.95,0.45,3000,"sd","11:25:53",15201200
27,0.5,1200,"bu","11:25:52",15198200
27,0.5,100,"bu","11:25:40",15197000
27,0.5,200,"bu","11:25:34",15196900
26.95,0.45,1400,"sd","11:25:27",15196700
27,0.5,300,"bu","11:25:25",15195300
26.95,0.45,10000,"sd","11:25:21",15195000
27,0.5,1400,"bu","11:25:16",15185000
27,0.5,100,"bu","11:25:13",15183600
27,0.5,4400,"bu","11:25:03",15183500
27,0.5,5000,"bu","11:25:01",15179100
27,0.5,500,"bu","11:24:59",15174100
27,0.5,100,"bu","11:24:57",15173600
26.95,0.45,5000,"sd","11:24:53",15173500
27,0.5,800,"bu","11:24:48",15168500
27,0.5,1000,"bu","11:24:47",15167700
27,0.5,2700,"sd","11:24:44",15166700
27,0.5,800,"bu","11:24:39",15164000
27,0.5,9700,"sd","11:24:37",15163200
27,0.5,100,"sd","11:24:35",15153500
27,0.5,600,"sd","11:24:34",15153400
27,0.5,1100,"sd","11:24:33",15152800
27,0.5,100,"sd","11:24:31",15151700
27,0.5,1000,"sd","11:24:29",15151600
27,0.5,2900,"bu","11:24:29",15150600
27,0.5,10100,"sd","11:24:27",15147700
27,0.5,6100,"sd","11:24:23",15137600
27,0.5,5000,"sd","11:24:22",15131500
27,0.5,2300,"sd","11:24:21",15126500
27,0.5,2000,"sd","11:24:18",15124200
27.05,0.55,1000,"bu","11:24:18",15122200
27,0.5,2800,"sd","11:24:17",15121200
27.05,0.55,5000,"bu","11:24:16",15118400
27.05,0.55,900,"bu","11:24:09",15113400
27.05,0.55,100,"bu","11:24:07",15112500
27.05,0.55,19900,"sd","11:24:04",15112400
27.1,0.6,2000,"bu","11:24:02",15092500
27.1,0.6,1500,"bu","11:24:01",15090500
27.1,0.6,100,"bu","11:24:00",15089000
27.1,0.6,1400,"bu","11:24:00",15088900
27.1,0.6,2000,"bu","11:23:58",15087500
27.1,0.6,1000,"bu","11:23:56",15085500
27.1,0.6,100,"bu","11:23:56",15084500
27.1,0.6,2000,"bu","11:23:52",15084400
27.1,0.6,500,"bu","11:23:52",15082400
27.1,0.6,600,"bu","11:23:50",15081900
27.1,0.6,9400,"sd","11:23:48",15081300
27.1,0.6,1200,"sd","11:23:48",15071900
27.15,0.65,100,"bu","11:23:47",15070700
27.1,0.6,1000,"sd","11:23:47",15070600
27.1,0.6,1000,"sd","11:23:46",15069600
27.15,0.65,2000,"bu","11:23:45",15068600
27.15,0.65,1000,"bu","11:23:44",15066600
27.1,0.6,4000,"sd","11:23:44",15065600
27.15,0.65,300,"bu","11:23:43",15061600
27.15,0.65,200,"bu","11:23:42",15061300
27.15,0.65,500,"bu","11:23:38",15061100
27.15,0.65,600,"bu","11:23:37",15060600
27.15,0.65,297500,"sd","11:23:36",15060000
27.2,0.7,500,"bu","11:23:36",14762500
27.15,0.65,1000,"sd","11:23:36",14762000
27.15,0.65,10000,"sd","11:23:35",14761000
27.2,0.7,3000,"bu","11:23:34",14751000
27.15,0.65,200,"sd","11:23:33",14748000
27.2,0.7,2800,"bu","11:23:32",14747800
27.15,0.65,10000,"sd","11:23:31",14745000
27.2,0.7,100,"bu","11:23:30",14735000
27.2,0.7,2200,"bu","11:23:29",14734900
27.2,0.7,2000,"bu","11:23:28",14732700
27.15,0.65,300000,"sd","11:23:27",14730700
27.2,0.7,5000,"bu","11:23:27",14430700
27.2,0.7,500,"bu","11:23:26",14425700
27.2,0.7,500,"bu","11:23:23",14425200
27.2,0.7,1600,"sd","11:23:23",14424700
27.2,0.7,100,"sd","11:23:22",14423100
27.2,0.7,19300,"bu","11:23:21",14423000
27.2,0.7,5400,"bu","11:23:19",14403700
27.2,0.7,19000,"bu","11:23:17",14398300
27.2,0.7,700,"bu","11:23:14",14379300
27.2,0.7,3200,"bu","11:23:14",14378600
27.2,0.7,30600,"bu","11:23:13",14375400
27.15,0.65,1000,"sd","11:23:11",14344800
27.2,0.7,1100,"bu","11:23:10",14343800
27.2,0.7,9900,"bu","11:23:08",14342700
27.2,0.7,2000,"bu","11:23:07",14332800
27.2,0.7,100,"bu","11:23:05",14330800
27.2,0.7,100,"bu","11:23:04",14330700
27.2,0.7,9400,"sd","11:23:03",14330600
27.2,0.7,200,"sd","11:23:03",14320400
27.2,0.7,1000,"sd","11:23:02",14320200
27.25,0.75,500,"bu","11:23:00",14319200
27.2,0.7,4500,"bu","11:23:00",14318700
27.2,0.7,7000,"bu","11:22:59",14314200
27.2,0.7,200,"bu","11:22:57",14307200
27.2,0.7,400,"bu","11:22:56",14307000
27.2,0.7,48200,"sd","11:22:55",14306600
27.2,0.7,2100,"sd","11:22:55",14258400
27.25,0.75,800,"bu","11:22:51",14256300
27.2,0.7,3000,"sd","11:22:48",14255500
27.2,0.7,50000,"sd","11:22:47",14252500
27.2,0.7,200,"sd","11:22:46",14202500
27.2,0.7,10500,"sd","11:22:44",14202300
27.25,0.75,3000,"bu","11:22:43",14191800
27.2,0.7,10500,"sd","11:22:43",14188800
27.2,0.7,500,"sd","11:22:41",14178300
27.2,0.7,2000,"sd","11:22:40",14177800
27.2,0.7,600,"bu","11:22:38",14175800
27.2,0.7,1500,"bu","11:22:38",14175200
27.2,0.7,3900,"sd","11:22:36",14173700
27.2,0.7,2600,"bu","11:22:35",14169800
27.2,0.7,17200,"sd","11:22:34",14167200
27.25,0.75,1000,"bu","11:22:33",14150000
27.2,0.7,5100,"bu","11:22:33",14149000
27.15,0.65,275000,"sd","11:22:32",14143900
27.2,0.7,25300,"sd","11:22:32",13868900
27.2,0.7,9400,"bu","11:22:30",13843600
27.2,0.7,61700,"bu","11:22:29",13834200
27.2,0.7,800,"bu","11:22:29",13772500
27.2,0.7,4100,"bu","11:22:28",13771700
27.2,0.7,10900,"bu","11:22:28",13767600
27.2,0.7,2000,"bu","11:22:27",13756700
27.2,0.7,500,"bu","11:22:27",13754700
27.15,0.65,100,"sd","11:22:27",13754200
27.2,0.7,20900,"bu","11:22:27",13754100
27.2,0.7,300,"bu","11:22:26",13733200
27.2,0.7,33600,"bu","11:22:26",13732900
27.2,0.7,16400,"bu","11:22:25",13699300
27.2,0.7,2800,"bu","11:22:25",13682900
27.2,0.7,60000,"bu","11:22:24",13680100
27.2,0.7,4400,"bu","11:22:24",13620100
27.2,0.7,28000,"bu","11:22:23",13615700
27.2,0.7,200,"bu","11:22:23",13587700
27.2,0.7,3500,"bu","11:22:21",13587500
27.2,0.7,6300,"bu","11:22:20",13584000
27.2,0.7,500,"bu","11:22:20",13577700
27.2,0.7,9000,"bu","11:22:19",13577200
27.2,0.7,5000,"bu","11:22:17",13568200
27.2,0.7,6500,"bu","11:22:17",13563200
27.2,0.7,13700,"bu","11:22:16",13556700
27.2,0.7,4400,"bu","11:22:16",13543000
27.15,0.65,1000,"sd","11:22:16",13538600
27.2,0.7,3300,"bu","11:22:15",13537600
27.2,0.7,4000,"bu","11:22:14",13534300
27.2,0.7,300,"bu","11:22:14",13530300
27.2,0.7,7000,"bu","11:22:13",13530000
27.2,0.7,900,"bu","11:22:12",13523000
27.2,0.7,38600,"bu","11:22:12",13522100
27.2,0.7,300,"bu","11:22:11",13483500
27.2,0.7,1000,"bu","11:22:11",13483200
27.2,0.7,1100,"bu","11:22:10",13482200
27.2,0.7,5500,"bu","11:22:10",13481100
27.15,0.65,10000,"sd","11:22:09",13475600
27.2,0.7,2000,"bu","11:22:09",13465600
27.2,0.7,5000,"bu","11:22:08",13463600
27.2,0.7,10500,"bu","11:22:07",13458600
27.2,0.7,1500,"bu","11:22:06",13448100
27.2,0.7,3000,"bu","11:22:06",13446600
27.2,0.7,3900,"bu","11:22:05",13443600
27.15,0.65,200,"sd","11:22:05",13439700
27.2,0.7,50400,"bu","11:22:04",13429500
27.2,0.7,100,"bu","11:22:04",13379100
27.2,0.7,1300,"bu","11:22:03",13379000
27.2,0.7,100,"bu","11:22:03",13377700
27.2,0.7,100000,"bu","11:22:02",13377600
27.2,0.7,12400,"bu","11:22:02",13277600
27.2,0.7,88600,"bu","11:22:01",13265200
27.2,0.7,1300,"bu","11:22:01",13176600
27.2,0.7,1000,"bu","11:22:00",13175300
27.2,0.7,2600,"bu","11:22:00",13174300
27.2,0.7,3000,"bu","11:21:58",13171700
27.2,0.7,800,"bu","11:21:56",13168700
27.2,0.7,200,"bu","11:21:55",13167900
27.15,0.65,2000,"sd","11:21:55",13167700
27.2,0.7,600,"bu","11:21:55",13165700
27.2,0.7,3000,"bu","11:21:55",13165100
27.2,0.7,102600,"bu","11:21:54",13162100
27.2,0.7,2100,"bu","11:21:53",13059500
27.2,0.7,100,"bu","11:21:52",13057400
27.15,0.65,400,"sd","11:21:50",13057300
27.2,0.7,2000,"bu","11:21:50",13056900
27.2,0.7,10000,"bu","11:21:49",13054900
27.2,0.7,100000,"bu","11:21:48",13044900
27.2,0.7,300,"bu","11:21:47",12944900
27.15,0.65,1000,"sd","11:21:47",12944600
27.2,0.7,40000,"bu","11:21:46",12943600
27.15,0.65,100,"sd","11:21:45",12903600
27.15,0.65,1000,"sd","11:21:44",12903500
27.15,0.65,1100,"sd","11:21:42",12902500
27.15,0.65,200,"sd","11:21:41",12901400
27.2,0.7,2600,"bu","11:21:41",12901200
27.2,0.7,600,"bu","11:21:40",12898600
27.15,0.65,29600,"bu","11:21:38",12898000
27.15,0.65,200,"bu","11:21:36",12868400
27.15,0.65,700,"bu","11:21:35",12868200
27.15,0.65,1000,"bu","11:21:34",12867500
27.1,0.6,600,"sd","11:21:34",12866500
27.15,0.65,2000,"bu","11:21:34",12865900
27.15,0.65,300,"bu","11:21:33",12863900
27.2,0.7,1000,"bu","11:21:32",12863600
27.1,0.6,300,"sd","11:21:32",12862600
27.15,0.65,700,"sd","11:21:32",12862300
27.15,0.65,8100,"bu","11:21:30",12861600
27.15,0.65,1100,"bu","11:21:29",12849500
27.15,0.65,200,"bu","11:21:28",12847800
27.15,0.65,1900,"bu","11:21:27",12847600
27.1,0.6,500,"sd","11:21:25",12845700
27.1,0.6,1000,"sd","11:21:24",12845200
27.15,0.65,419200,"bu","11:21:23",12844200
27.15,0.65,600,"bu","11:21:22",12425000
27.1,0.6,100,"sd","11:21:20",12424400
27.15,0.65,1700,"bu","11:21:19",12424300
27.15,0.65,8300,"bu","11:21:19",12422600
27.15,0.65,2000,"bu","11:21:18",12414300
27.15,0.65,2000,"bu","11:21:17",12412300
27.1,0.6,10000,"sd","11:21:15",12410300
27.15,0.65,1000,"bu","11:21:09",12400300
27.15,0.65,3500,"bu","11:21:03",12399300
27.1,0.6,2000,"sd","11:21:02",12395800
27.1,0.6,600,"sd","11:21:00",12393800
27.1,0.6,2000,"sd","11:21:00",12393200
27.1,0.6,200,"sd","11:20:59",12391200
27.1,0.6,3000,"bu","11:20:58",12391000
27.1,0.6,41300,"bu","11:20:57",12388000
27.1,0.6,5100,"bu","11:20:57",12346700
27.1,0.6,2300,"bu","11:20:56",12341600
27.05,0.55,5000,"sd","11:20:56",12339300
27.1,0.6,100,"bu","11:20:55",12334300
27.1,0.6,700,"bu","11:20:54",12334200
27.1,0.6,1900,"bu","11:20:54",12333500
27.1,0.6,7900,"bu","11:20:53",12331600
27.1,0.6,4000,"bu","11:20:53",12323700
27.1,0.6,1900,"bu","11:20:52",12319700
27.1,0.6,18300,"bu","11:20:52",12317800
27.1,0.6,19100,"bu","11:20:51",12299500
27.1,0.6,100,"bu","11:20:51",12280400
27.1,0.6,10000,"bu","11:20:50",12280300
27.1,0.6,100,"bu","11:20:50",12270300
27.1,0.6,2000,"bu","11:20:49",12270200
27.1,0.6,52900,"bu","11:20:49",12268200
27.1,0.6,42500,"bu","11:20:48",12215300
27.1,0.6,11000,"bu","11:20:47",12172800
27.1,0.6,200,"bu","11:20:47",12161800
27.1,0.6,10000,"bu","11:20:46",12161600
27.05,0.55,5000,"sd","11:20:45",12151600
27.1,0.6,2100,"bu","11:20:45",12146600
27.1,0.6,3300,"bu","11:20:45",12144500
27.1,0.6,44000,"bu","11:20:44",12141200
27.1,0.6,35000,"bu","11:20:43",12097200
27.1,0.6,15300,"bu","11:20:43",12062200
27.1,0.6,108200,"bu","11:20:42",12046900
27.05,0.55,1000,"sd","11:20:41",11938700
27.1,0.6,200000,"bu","11:20:40",11937700
27.1,0.6,2000,"bu","11:20:39",11737700
27.1,0.6,20000,"bu","11:20:38",11735700
27.1,0.6,1000,"bu","11:20:37",11715700
27.1,0.6,500,"bu","11:20:35",11714700
27.1,0.6,10000,"bu","11:20:34",11714200
27.1,0.6,90000,"bu","11:20:34",11704200
27.1,0.6,4000,"bu","11:20:33",11614200
27.05,0.55,1000,"sd","11:20:32",11610200
27.05,0.55,100,"sd","11:20:31",11609200
27.1,0.6,20000,"bu","11:20:30",11609100
27.05,0.55,29400,"sd","11:20:30",11589100
27.1,0.6,4000,"bu","11:20:29",11559700
27.1,0.6,4000,"bu","11:20:29",11555700
27.05,0.55,10000,"sd","11:20:23",11551700
27.05,0.55,2900,"sd","11:20:22",11541700
27.05,0.55,1000,"sd","11:20:21",11538800
27.05,0.55,500,"sd","11:20:20",11537800
27.05,0.55,200,"sd","11:20:18",11537300
27.05,0.55,5000,"sd","11:20:17",11537100
27.1,0.6,3000,"bu","11:20:15",11532100
27.05,0.55,700,"sd","11:20:12",11529000
27.05,0.55,2800,"sd","11:20:09",11528300
27.05,0.55,2000,"sd","11:20:08",11525500
27.05,0.55,46700,"bu","11:20:07",11523500
27.05,0.55,1000,"bu","11:20:00",11476800
27.05,0.55,1100,"bu","11:20:00",11475800
27.05,0.55,500,"bu","11:19:59",11474700
27.05,0.55,11800,"bu","11:19:57",11474200
27.05,0.55,100,"bu","11:19:56",11462400
27.05,0.55,500,"bu","11:19:53",11462300
27.05,0.55,200,"bu","11:19:51",11461800
27.05,0.55,600,"bu","11:19:46",11461600
27.05,0.55,400,"bu","11:19:44",11461000
27.05,0.55,300,"bu","11:19:43",11460600
27.05,0.55,3500,"bu","11:19:42",11460300
27.05,0.55,10600,"sd","11:19:38",11456800
27.05,0.55,4600,"sd","11:19:37",11446200
27.05,0.55,5000,"sd","11:19:36",11441600
27.1,0.6,200,"bu","11:19:32",11436600
27.05,0.55,100,"sd","11:19:31",11436400
27.05,0.55,200,"sd","11:19:30",11436300
27.05,0.55,200,"sd","11:19:28",11436100
27.05,0.55,100,"sd","11:19:28",11435900
27.05,0.55,200,"sd","11:19:27",11435800
27.05,0.55,20000,"sd","11:19:24",11435600
27.05,0.55,700,"sd","11:19:23",11415600
27.05,0.55,1000,"sd","11:19:22",11414900
27.05,0.55,31000,"sd","11:19:19",11413900
27.05,0.55,2000,"sd","11:19:09",11382900
27.05,0.55,500,"sd","11:19:07",11380900
27.05,0.55,1100,"sd","11:19:03",11380400
27.05,0.55,1600,"sd","11:19:02",11379300
27.05,0.55,2000,"sd","11:19:00",11377700
27.05,0.55,1000,"sd","11:18:57",11375700
27.05,0.55,1000,"sd","11:18:56",11374700
27.05,0.55,31400,"bu","11:18:55",11373700
27.05,0.55,17300,"bu","11:18:53",11342300
27.05,0.55,10400,"bu","11:18:51",11325000
27.05,0.55,100,"bu","11:18:50",11314600
27.05,0.55,2000,"bu","11:18:49",11314500
27.05,0.55,15700,"bu","11:18:44",11312500
27.05,0.55,36300,"bu","11:18:43",11296800
27.05,0.55,11000,"bu","11:18:42",11260500
27.05,0.55,3000,"bu","11:18:40",11249500
27.05,0.55,500,"bu","11:18:38",11246500
27.05,0.55,100,"bu","11:18:37",11246000
27.05,0.55,9100,"bu","11:18:36",11245900
27.05,0.55,5000,"bu","11:18:36",11236800
27.05,0.55,400,"bu","11:18:35",11231800
27.05,0.55,1900,"bu","11:18:35",11231400
27.05,0.55,3600,"bu","11:18:34",11229500
27.05,0.55,20000,"bu","11:18:33",11225900
27.05,0.55,900,"bu","11:18:32",11205900
27.05,0.55,3000,"bu","11:18:31",11205000
27.05,0.55,37200,"bu","11:18:29",11202000
27.05,0.55,12800,"bu","11:18:29",11164800
27.05,0.55,6000,"bu","11:18:28",11152000
27.05,0.55,5000,"bu","11:18:26",11146000
27.05,0.55,500,"bu","11:18:25",11141000
27.05,0.55,5000,"bu","11:18:25",11140500
27.05,0.55,17100,"bu","11:18:23",11135500
27.05,0.55,100,"bu","11:18:22",11118400
27.05,0.55,1200,"bu","11:18:22",11118300
27.05,0.55,100,"bu","11:18:21",11117100
27,0.5,2000,"sd","11:18:21",11117000
27.05,0.55,200,"bu","11:18:20",11115000
27,0.5,1500,"sd","11:18:19",11114800
27.05,0.55,200,"bu","11:18:19",11113300
27.05,0.55,1200,"bu","11:18:18",11113100
27.05,0.55,63000,"bu","11:18:17",11111900
27.05,0.55,2600,"bu","11:18:15",11048900
27,0.5,5000,"sd","11:18:15",11046300
27,0.5,5100,"sd","11:18:13",11041300
27.05,0.55,5000,"bu","11:18:13",11036200
27,0.5,600,"sd","11:18:11",11031200
27.05,0.55,3000,"bu","11:18:09",11030600
27,0.5,30000,"sd","11:18:09",11027600
27.05,0.55,3400,"bu","11:18:08",10997600
27.05,0.55,7000,"bu","11:18:06",10994200
27,0.5,100,"sd","11:18:01",10987200
27,0.5,500,"sd","11:18:00",10987100
27,0.5,2000,"sd","11:17:58",10986600
27,0.5,8500,"bu","11:17:54",10984600
27,0.5,100,"bu","11:17:52",10976100
27,0.5,1000,"bu","11:17:52",10976000
26.95,0.45,1000,"sd","11:17:52",10975000
27,0.5,13800,"bu","11:17:49",10974000
27,0.5,2000,"bu","11:17:47",10960200
27,0.5,800,"bu","11:17:45",10958200
27,0.5,82200,"bu","11:17:41",10957400
27,0.5,287800,"bu","11:17:41",10875200
26.95,0.45,500,"sd","11:17:40",10587400
26.95,0.45,500,"sd","11:17:37",10586900
26.95,0.45,200,"sd","11:17:33",10586400
26.95,0.45,500,"sd","11:17:28",10586200
26.95,0.45,5000,"sd","11:17:24",10585700
27,0.5,11000,"bu","11:17:24",10580700
26.95,0.45,3300,"sd","11:17:19",10569700
26.95,0.45,500,"sd","11:17:08",10566400
26.95,0.45,20000,"sd","11:17:01",10565900
26.95,0.45,1000,"sd","11:16:56",10545900
26.95,0.45,500,"sd","11:16:48",10544900
26.95,0.45,4500,"bu","11:16:45",10544400
26.95,0.45,1000,"sd","11:16:42",10539900
26.95,0.45,1000,"sd","11:16:41",10538900
26.95,0.45,500,"bu","11:16:36",10537900
27,0.5,358900,"bu","11:16:32",10537400
26.95,0.45,11100,"bu","11:16:32",10178500
26.95,0.45,500,"bu","11:16:30",10167400
26.95,0.45,19400,"sd","11:16:28",10166900
26.95,0.45,600,"sd","11:16:25",10147500
26.95,0.45,1000,"sd","11:16:24",10146900
26.95,0.45,100,"sd","11:16:19",10145900
26.95,0.45,1000,"sd","11:16:18",10145800
26.95,0.45,4000,"bu","11:16:16",10144800
26.95,0.45,500,"bu","11:16:15",10140800
26.95,0.45,500,"bu","11:16:14",10140300
26.95,0.45,5000,"bu","11:16:10",10139800
26.95,0.45,400,"bu","11:16:09",10134800
26.95,0.45,3000,"bu","11:16:08",10134400
26.95,0.45,20000,"bu","11:16:07",10131400
26.95,0.45,12800,"bu","11:16:06",10111400
26.95,0.45,7800,"bu","11:16:04",10098600
26.95,0.45,20000,"bu","11:16:02",10090800
26.95,0.45,3300,"bu","11:16:01",10070800
26.95,0.45,2000,"bu","11:16:00",10067500
26.95,0.45,36400,"bu","11:15:58",10065500
26.9,0.4,500,"sd","11:15:57",10029100
26.9,0.4,200,"sd","11:15:52",10028600
26.95,0.45,5000,"bu","11:15:52",10028400
26.95,0.45,1500,"bu","11:15:50",10023400
26.95,0.45,9000,"bu","11:15:46",10021900
26.95,0.45,6900,"bu","11:15:44",10012900
26.95,0.45,1000,"bu","11:15:43",10006000
26.9,0.4,1500,"sd","11:15:41",10005000
26.95,0.45,400,"bu","11:15:41",10003500
26.95,0.45,200000,"bu","11:15:40",10003100
26.95,0.45,10000,"bu","11:15:39",9803100
26.9,0.4,1000,"sd","11:15:39",9793100
26.95,0.45,1000,"bu","11:15:39",9792100
26.9,0.4,500,"sd","11:15:24",9791100
26.95,0.45,10000,"bu","11:15:07",9790600
26.95,0.45,100,"bu","11:14:58",9780600
26.95,0.45,20000,"bu","11:14:51",9780500
26.95,0.45,100,"bu","11:14:47",9760500
26.95,0.45,200,"bu","11:14:32",9760400
26.95,0.45,5000,"bu","11:14:13",9760200
26.9,0.4,100,"sd","11:14:03",9755200
26.95,0.45,10300,"bu","11:13:57",9755100
26.9,0.4,500,"sd","11:13:57",9744800
26.95,0.45,500,"bu","11:13:45",9744300
26.9,0.4,5000,"sd","11:13:44",9743800
26.95,0.45,1300,"bu","11:13:42",9738800
26.9,0.4,500,"sd","11:13:34",9737500
26.95,0.45,100000,"bu","11:13:21",9737000
26.9,0.4,100,"sd","11:13:11",9637000
26.9,0.4,100,"sd","11:13:03",9636900
26.9,0.4,500,"sd","11:12:51",9636800
26.9,0.4,5500,"sd","11:12:48",9636300
26.9,0.4,100,"sd","11:12:41",9630800
26.9,0.4,500,"sd","11:12:36",9630700
26.9,0.4,1600,"sd","11:12:29",9630200
26.9,0.4,2500,"sd","11:12:18",9628600
26.9,0.4,200,"sd","11:12:14",9626100
26.9,0.4,1000,"sd","11:11:57",9625900
26.9,0.4,2000,"sd","11:11:52",9624900
26.9,0.4,22200,"bu","11:11:49",9622900
26.9,0.4,4800,"sd","11:11:40",9600700
26.9,0.4,800,"sd","11:11:37",9595900
26.9,0.4,2000,"sd","11:11:32",9595100
26.9,0.4,20000,"sd","11:11:28",9593100
26.9,0.4,1000,"sd","11:11:23",9573100
26.9,0.4,100,"sd","11:11:22",9572100
26.9,0.4,9700,"sd","11:11:03",9572000
26.9,0.4,1000,"sd","11:11:02",9562300
26.9,0.4,900,"sd","11:11:01",9561300
26.9,0.4,60200,"bu","11:11:00",9560400
26.85,0.35,200,"sd","11:10:40",9500200
26.85,0.35,1100,"sd","11:10:37",9500000
26.9,0.4,300,"bu","11:10:13",9498900
26.85,0.35,100,"sd","11:09:45",9498600
26.9,0.4,200,"bu","11:09:45",9498500
26.9,0.4,300,"bu","11:09:44",9498300
26.85,0.35,2000,"sd","11:09:27",9498000
26.9,0.4,17700,"sd","11:09:24",9496000
26.9,0.4,15000,"sd","11:09:23",9478300
26.9,0.4,5000,"sd","11:09:22",9463300
26.9,0.4,1000,"sd","11:09:21",9458300
26.9,0.4,29900,"sd","11:09:19",9457300
26.9,0.4,7000,"sd","11:09:13",9427400
26.9,0.4,10000,"sd","11:09:12",9420400
26.9,0.4,10000,"sd","11:09:10",9410400
26.9,0.4,44000,"sd","11:09:04",9400400
26.9,0.4,300,"sd","11:09:00",9356400
26.9,0.4,1000,"sd","11:08:55",9356100
26.9,0.4,3000,"sd","11:08:49",9355100
26.9,0.4,1000,"sd","11:08:46",9352100
26.9,0.4,200,"sd","11:08:32",9351100
26.9,0.4,400,"sd","11:08:28",9350900
26.9,0.4,2000,"sd","11:08:27",9350500
26.9,0.4,10000,"sd","11:08:26",9348500
26.95,0.45,1000,"bu","11:08:23",9338500
26.9,0.4,500,"sd","11:08:17",9337500
26.9,0.4,100,"sd","11:08:15",9337000
26.9,0.4,400,"sd","11:08:10",9336900
26.9,0.4,100,"sd","11:08:03",9336500
26.9,0.4,1000,"sd","11:07:57",9336400
26.9,0.4,500,"sd","11:07:56",9335400
26.95,0.45,1000,"bu","11:07:48",9334900
26.95,0.45,5000,"bu","11:07:40",9333900
26.95,0.45,500,"bu","11:07:35",9328900
26.95,0.45,100,"bu","11:07:11",9328400
26.9,0.4,2700,"sd","11:07:01",9328300
26.95,0.45,5000,"bu","11:06:53",9325600
26.9,0.4,500,"sd","11:06:30",9320600
26.9,0.4,100,"sd","11:06:17",9320100
26.95,0.45,500,"bu","11:06:16",9320000
26.9,0.4,200,"sd","11:06:15",9319500
26.9,0.4,2000,"sd","11:06:12",9319300
26.9,0.4,500,"sd","11:06:10",9317300
26.9,0.4,100,"sd","11:06:09",9316800
26.9,0.4,1000,"sd","11:06:02",9316700
26.9,0.4,1000,"sd","11:05:58",9315700
26.9,0.4,500,"sd","11:05:53",9314700
26.95,0.45,1200,"bu","11:05:50",9314200
26.9,0.4,1000,"sd","11:05:45",9313000
26.9,0.4,1200,"sd","11:05:44",9312000
26.9,0.4,11200,"sd","11:05:40",9310800
26.95,0.45,20500,"bu","11:05:38",9299600
26.9,0.4,2000,"sd","11:05:35",9279100
26.9,0.4,1600,"sd","11:05:26",9277100
26.9,0.4,5000,"sd","11:05:16",9275500
26.9,0.4,3000,"sd","11:05:15",9270500
26.9,0.4,1000,"sd","11:05:11",9267500
26.9,0.4,500,"sd","11:05:03",9266500
26.9,0.4,7500,"sd","11:05:01",9266000
26.9,0.4,100,"sd","11:04:55",9258500
26.9,0.4,100,"sd","11:04:46",9258400
26.9,0.4,500,"sd","11:04:45",9258300
26.9,0.4,1000,"sd","11:04:43",9257800
26.9,0.4,200,"sd","11:04:36",9256800
26.9,0.4,2000,"sd","11:04:34",9256600
26.9,0.4,1600,"sd","11:04:31",9254600
26.95,0.45,100,"bu","11:04:27",9253000
26.9,0.4,100,"sd","11:04:24",9252900
26.9,0.4,2700,"sd","11:04:23",9252800
26.95,0.45,100,"bu","11:04:18",9250100
26.9,0.4,500,"sd","11:04:15",9250000
26.9,0.4,10000,"sd","11:04:14",9249500
26.9,0.4,1000,"sd","11:04:12",9239500
26.95,0.45,100,"bu","11:04:11",9238500
26.9,0.4,6000,"sd","11:04:09",9238400
26.9,0.4,100,"sd","11:04:05",9232400
26.9,0.4,1000,"sd","11:04:02",9232300
26.9,0.4,1000,"sd","11:03:51",9231300
26.9,0.4,1000,"sd","11:03:39",9230300
26.9,0.4,100,"sd","11:03:35",9229300
26.9,0.4,1000,"sd","11:03:33",9229200
26.9,0.4,1000,"sd","11:03:28",9228200
26.9,0.4,2000,"sd","11:03:22",9227200
26.9,0.4,1200,"sd","11:03:19",9225200
26.9,0.4,5000,"sd","11:03:15",9224000
26.95,0.45,1000,"bu","11:03:11",9219000
26.9,0.4,3400,"sd","11:03:11",9218000
26.9,0.4,100,"sd","11:03:10",9214600
26.9,0.4,5000,"sd","11:03:09",9214500
26.9,0.4,2000,"sd","11:03:07",9209500
26.9,0.4,100,"sd","11:03:01",9207500
26.9,0.4,300,"sd","11:02:58",9207400
26.9,0.4,3000,"sd","11:02:55",9207100
26.95,0.45,100,"bu","11:02:37",9204100
26.9,0.4,3000,"sd","11:02:34",9204000
26.95,0.45,100,"bu","11:02:23",9201000
26.9,0.4,2000,"sd","11:02:20",9200900
26.95,0.45,100,"bu","11:02:14",9198900
26.9,0.4,700,"sd","11:02:09",9198800
26.95,0.45,100,"bu","11:02:06",9198100
26.9,0.4,2100,"sd","11:02:04",9198000
26.9,0.4,100,"sd","11:01:55",9195900
26.9,0.4,100,"sd","11:01:54",9195800
26.9,0.4,10000,"sd","11:01:54",9195700
26.9,0.4,2000,"sd","11:01:53",9185700
26.9,0.4,100,"sd","11:01:44",9183700
26.9,0.4,100,"sd","11:01:43",9183600
26.9,0.4,19800,"bu","11:01:42",9183500
26.9,0.4,19700,"sd","11:01:34",9163700
26.9,0.4,3000,"sd","11:01:34",9144000
26.9,0.4,8900,"sd","11:01:32",9141000
26.9,0.4,900,"sd","11:01:31",9132100
26.9,0.4,200,"sd","11:01:29",9131200
26.9,0.4,3000,"sd","11:01:27",9131000
26.9,0.4,35000,"sd","11:01:25",9128000
26.9,0.4,2000,"sd","11:01:21",9093000
26.9,0.4,500,"sd","11:01:14",9091000
26.9,0.4,3000,"sd","11:01:07",9090500
26.9,0.4,20000,"sd","11:01:05",9087500
26.9,0.4,2000,"sd","11:01:03",9067500
26.9,0.4,100,"sd","11:00:49",9065500
26.9,0.4,5000,"sd","11:00:37",9065400
26.9,0.4,2000,"sd","11:00:37",9060400
26.9,0.4,100,"sd","11:00:26",9058400
26.9,0.4,3000,"sd","11:00:26",9058300
26.9,0.4,700,"sd","11:00:12",9055300
26.9,0.4,100,"sd","10:59:33",9054600
26.95,0.45,10000,"bu","10:59:28",9054500
26.95,0.45,10000,"bu","10:59:24",9044500
26.9,0.4,200,"sd","10:59:07",9034500
26.9,0.4,123200,"bu","10:59:06",9034300
26.85,0.35,2000,"sd","10:59:05",8911100
26.85,0.35,300,"sd","10:59:01",8909100
26.85,0.35,500,"sd","10:58:47",8908800
26.85,0.35,1000,"sd","10:58:46",8908300
26.85,0.35,300,"sd","10:58:41",8907300
26.85,0.35,5000,"bu","10:58:36",8907000
26.85,0.35,23400,"bu","10:58:35",8902000
26.85,0.35,5000,"bu","10:58:34",8878600
26.85,0.35,500,"bu","10:58:21",8873600
26.85,0.35,100,"bu","10:58:20",8873100
26.85,0.35,600,"bu","10:58:16",8873000
26.85,0.35,1000,"bu","10:58:15",8872400
26.8,0.3,2000,"sd","10:58:15",8871400
26.85,0.35,12000,"bu","10:58:10",8869400
26.85,0.35,500,"bu","10:58:09",8857400
26.85,0.35,3300,"bu","10:58:04",8856900
26.85,0.35,1000,"bu","10:58:00",8853600
26.85,0.35,50000,"bu","10:57:58",8852600
26.85,0.35,1500,"bu","10:57:52",8802600
26.85,0.35,20400,"bu","10:57:45",8801100
26.8,0.3,500,"sd","10:57:34",8780700
26.85,0.35,100,"bu","10:57:31",8780200
26.8,0.3,200,"sd","10:57:28",8780100
26.8,0.3,2000,"sd","10:57:24",8779900
26.8,0.3,400,"sd","10:57:23",8777900
26.8,0.3,10000,"sd","10:57:22",8777500
26.8,0.3,100,"sd","10:57:17",8767500
26.8,0.3,1000,"sd","10:57:15",8767400
26.8,0.3,14300,"bu","10:57:14",8766400
26.8,0.3,1000,"bu","10:57:13",8752100
26.8,0.3,1000,"bu","10:57:12",8751100
26.8,0.3,2000,"bu","10:57:10",8750100
26.8,0.3,100,"bu","10:57:08",8748100
26.8,0.3,400,"bu","10:57:05",8748000
26.8,0.3,100,"bu","10:57:02",8747600
26.8,0.3,3900,"bu","10:56:57",8747500
26.75,0.25,100,"sd","10:56:51",8743600
26.8,0.3,58800,"sd","10:56:50",8743500
26.8,0.3,1500,"sd","10:56:39",8684700
26.8,0.3,200,"sd","10:56:30",8683200
26.8,0.3,1000,"sd","10:56:29",8683000
26.8,0.3,400,"sd","10:56:28",8682000
26.8,0.3,100,"sd","10:56:23",8681600
26.8,0.3,9000,"sd","10:56:21",8681500
26.8,0.3,500,"sd","10:56:18",8672500
26.8,0.3,100,"sd","10:56:07",8672000
26.8,0.3,7000,"sd","10:56:05",8671900
26.8,0.3,500,"sd","10:56:00",8664900
26.8,0.3,16600,"sd","10:55:59",8664400
26.8,0.3,3000,"sd","10:55:53",8647800
26.8,0.3,1000,"sd","10:55:52",8644800
26.8,0.3,200,"sd","10:55:48",8643800
26.8,0.3,2000,"sd","10:55:47",8643600
26.85,0.35,2000,"bu","10:55:47",8641600
26.8,0.3,200,"sd","10:55:45",8639600
26.8,0.3,1000,"sd","10:55:40",8639400
26.8,0.3,500,"sd","10:55:38",8638400
26.85,0.35,2000,"bu","10:55:38",8637900
26.8,0.3,1100,"sd","10:55:26",8635900
26.85,0.35,100,"bu","10:55:26",8634800
26.8,0.3,100,"sd","10:55:26",8634700
26.8,0.3,4000,"sd","10:55:24",8634600
26.85,0.35,1000,"bu","10:55:20",8630600
26.8,0.3,500,"sd","10:55:11",8629600
26.8,0.3,100,"sd","10:55:09",8629100
26.85,0.35,100,"bu","10:55:08",8629000
26.8,0.3,100,"sd","10:54:56",8628900
26.8,0.3,500,"sd","10:54:48",8628800
26.85,0.35,3000,"bu","10:54:45",8628300
26.85,0.35,100,"bu","10:54:33",8625300
26.8,0.3,500,"sd","10:54:32",8625200
26.8,0.3,1000,"sd","10:54:26",8624700
26.8,0.3,100,"sd","10:54:24",8623700
26.8,0.3,100,"sd","10:54:20",8623600
26.8,0.3,5000,"sd","10:54:14",8623500
26.8,0.3,500,"sd","10:54:13",8618500
26.8,0.3,3200,"sd","10:54:12",8618000
26.8,0.3,400,"sd","10:54:11",8614800
26.8,0.3,2000,"sd","10:54:09",8614400
26.8,0.3,3000,"sd","10:54:07",8612400
26.8,0.3,100,"sd","10:54:04",8609400
26.8,0.3,600,"sd","10:54:01",8609300
26.8,0.3,500,"sd","10:54:00",8608700
26.8,0.3,2000,"sd","10:53:59",8608200
26.8,0.3,200,"sd","10:53:41",8606200
26.8,0.3,1900,"sd","10:53:40",8606000
26.8,0.3,900,"sd","10:53:35",8604100
26.85,0.35,300,"bu","10:53:34",8603200
26.85,0.35,200,"bu","10:53:32",8602900
26.8,0.3,100,"sd","10:53:31",8602700
26.85,0.35,2900,"bu","10:53:24",8602600
26.8,0.3,1000,"sd","10:53:18",8599700
26.85,0.35,200,"bu","10:53:17",8598700
26.8,0.3,4000,"sd","10:53:16",8598500
26.85,0.35,1800,"bu","10:53:15",8594500
26.8,0.3,4800,"bu","10:53:13",8592700
26.8,0.3,100000,"bu","10:53:11",8587900
26.8,0.3,200,"bu","10:53:09",8487900
26.8,0.3,100,"bu","10:53:01",8487700
26.75,0.25,2000,"sd","10:53:01",8487600
26.8,0.3,200,"bu","10:53:00",8485600
26.75,0.25,400,"sd","10:52:57",8485400
26.8,0.3,800,"bu","10:52:55",8485000
26.8,0.3,200,"bu","10:52:52",8484200
26.8,0.3,1800,"bu","10:52:51",8484000
26.8,0.3,200,"bu","10:52:47",8482200
26.8,0.3,300,"bu","10:52:46",8482000
26.8,0.3,2800,"bu","10:52:45",8481700
26.8,0.3,200,"bu","10:52:43",8478900
26.8,0.3,300,"bu","10:52:42",8478700
26.75,0.25,400,"sd","10:52:40",8478400
26.75,0.25,3000,"sd","10:52:37",8478000
26.8,0.3,200,"bu","10:52:37",8475000
26.75,0.25,2000,"sd","10:52:37",8474800
26.75,0.25,1000,"sd","10:52:32",8472800
26.75,0.25,1000,"sd","10:52:28",8471800
26.75,0.25,800,"sd","10:52:25",8470800
26.75,0.25,100,"sd","10:52:18",8470000
26.8,0.3,1000,"bu","10:51:49",8469900
26.75,0.25,3000,"sd","10:51:45",8468900
26.8,0.3,20000,"bu","10:51:32",8465900
26.8,0.3,10000,"bu","10:51:29",8445900
26.75,0.25,100,"sd","10:51:25",8435900
26.75,0.25,500,"sd","10:51:25",8435800
26.75,0.25,100,"sd","10:51:22",8435300
26.75,0.25,3200,"sd","10:51:16",8435200
26.75,0.25,1100,"sd","10:51:15",8432000
26.75,0.25,1000,"sd","10:51:15",8430900
26.75,0.25,26000,"bu","10:51:13",8429900
26.75,0.25,6100,"sd","10:51:11",8403900
