"price","change","match_qtty","side","time","total_vol"
22.15,-0.1,682400,"","14:45:00",19582700
22.15,-0.1,15000,"sd","14:30:00",18900300
22.2,-0.05,6000,"bu","14:29:57",18885300
22.15,-0.1,100,"sd","14:29:52",18879300
22.2,-0.05,1300,"bu","14:29:48",18879200
22.2,-0.05,100,"bu","14:29:42",18877900
22.15,-0.1,10000,"sd","14:29:40",18877800
22.15,-0.1,500,"sd","14:29:39",18867800
22.15,-0.1,500,"sd","14:29:38",18867300
22.2,-0.05,900,"bu","14:29:38",18866800
22.15,-0.1,100,"sd","14:29:34",18865900
22.2,-0.05,2500,"bu","14:29:33",18865800
22.2,-0.05,500,"bu","14:29:32",18863300
22.15,-0.1,28300,"sd","14:29:31",18862800
22.15,-0.1,300,"sd","14:29:30",18834500
22.2,-0.05,2000,"bu","14:29:29",18834200
22.15,-0.1,5000,"sd","14:29:28",18832200
22.15,-0.1,6200,"sd","14:29:27",18827200
22.2,-0.05,5000,"bu","14:29:27",18821000
22.2,-0.05,200,"bu","14:29:26",18816000
22.2,-0.05,10000,"bu","14:29:26",18815800
22.2,-0.05,2000,"bu","14:29:23",18805800
22.15,-0.1,400,"sd","14:29:23",18803800
22.2,-0.05,20100,"bu","14:29:22",18803400
22.2,-0.05,100,"bu","14:29:21",18783300
22.15,-0.1,300,"sd","14:29:20",18783200
22.2,-0.05,100,"bu","14:29:19",18782900
22.2,-0.05,100,"bu","14:29:18",18782800
22.15,-0.1,100,"sd","14:29:17",18782700
22.15,-0.1,2000,"sd","14:29:16",18782600
22.15,-0.1,200,"sd","14:29:15",18780600
22.2,-0.05,1200,"bu","14:29:12",18780400
22.15,-0.1,500,"sd","14:29:09",18779200
22.2,-0.05,30000,"bu","14:29:07",18778700
22.15,-0.1,100,"sd","14:29:04",18748700
22.2,-0.05,2000,"bu","14:29:03",18748600
22.15,-0.1,6900,"sd","14:29:01",18746600
22.15,-0.1,200,"sd","14:28:59",18739700
22.15,-0.1,400,"sd","14:28:58",18739500
22.2,-0.05,100,"bu","14:28:52",18739100
22.15,-0.1,2000,"sd","14:28:46",18739000
22.15,-0.1,200,"sd","14:28:44",18737000
22.15,-0.1,500,"sd","14:28:42",18736800
22.15,-0.1,5000,"sd","14:28:40",18736300
22.2,-0.05,300,"bu","14:28:40",18731300
22.2,-0.05,3000,"bu","14:28:38",18731000
22.15,-0.1,200,"sd","14:28:29",18728000
22.2,-0.05,900,"bu","14:28:28",18727800
22.2,-0.05,100,"bu","14:28:27",18726900
22.15,-0.1,700,"sd","14:28:19",18726800
22.2,-0.05,20000,"bu","14:28:17",18726100
22.2,-0.05,5000,"bu","14:28:13",18706100
22.15,-0.1,200,"sd","14:28:13",18701100
22.15,-0.1,3000,"sd","14:28:13",18700900
22.2,-0.05,10000,"bu","14:28:03",18697900
22.2,-0.05,500,"bu","14:28:01",18687900
22.15,-0.1,200,"sd","14:27:58",18687400
22.2,-0.05,2000,"bu","14:27:57",18687200
22.2,-0.05,2000,"bu","14:27:53",18685200
22.15,-0.1,100,"sd","14:27:50",18683200
22.15,-0.1,700,"sd","14:27:46",18683100
22.2,-0.05,200,"bu","14:27:45",18682400
22.15,-0.1,300,"sd","14:27:43",18682200
22.2,-0.05,200,"bu","14:27:42",18681900
22.2,-0.05,500,"bu","14:27:37",18681700
22.15,-0.1,100,"sd","14:27:33",18681200
22.2,-0.05,1000,"bu","14:27:32",18681100
22.2,-0.05,2000,"bu","14:27:31",18680100
22.2,-0.05,2000,"bu","14:27:30",18678100
22.15,-0.1,200,"sd","14:27:27",18676100
22.2,-0.05,200,"bu","14:27:20",18675900
22.2,-0.05,500,"bu","14:27:13",18675700
22.15,-0.1,200,"sd","14:27:12",18675200
22.15,-0.1,500,"sd","14:27:09",18675000
22.2,-0.05,500,"bu","14:27:05",18674500
22.2,-0.05,500,"bu","14:27:03",18674000
22.15,-0.1,3500,"sd","14:27:00",18673500
22.2,-0.05,2000,"bu","14:27:00",18670000
22.15,-0.1,200,"sd","14:26:58",18668000
22.15,-0.1,300,"sd","14:26:57",18667800
22.2,-0.05,100,"bu","14:26:56",18667500
22.2,-0.05,900,"bu","14:26:55",18667400
22.15,-0.1,2000,"sd","14:26:52",18666500
22.2,-0.05,500,"bu","14:26:47",18664500
22.2,-0.05,5000,"bu","14:26:42",18664000
22.15,-0.1,500,"sd","14:26:42",18659000
22.15,-0.1,200,"sd","14:26:41",18658500
22.2,-0.05,1000,"bu","14:26:38",18658300
22.2,-0.05,1000,"bu","14:26:37",18657300
22.2,-0.05,200,"bu","14:26:32",18656300
22.15,-0.1,1000,"sd","14:26:32",18656100
22.15,-0.1,2000,"sd","14:26:28",18655100
22.15,-0.1,200,"sd","14:26:26",18653100
22.2,-0.05,100,"bu","14:26:26",18652900
22.2,-0.05,10000,"bu","14:26:25",18652800
22.2,-0.05,5000,"bu","14:26:24",18642800
22.2,-0.05,10000,"bu","14:26:17",18637800
22.15,-0.1,19700,"sd","14:26:14",18627800
22.15,-0.1,300,"sd","14:26:13",18608100
22.2,-0.05,100,"bu","14:26:11",18607800
22.15,-0.1,200,"sd","14:26:11",18607700
22.15,-0.1,200,"sd","14:26:02",18607500
22.15,-0.1,300,"sd","14:25:55",18607300
22.2,-0.05,5000,"bu","14:25:53",18607000
22.2,-0.05,1000,"bu","14:25:50",18602000
22.2,-0.05,1000,"bu","14:25:50",18601000
22.2,-0.05,100,"bu","14:25:44",18600000
22.15,-0.1,200,"sd","14:25:40",18599900
22.15,-0.1,200,"sd","14:25:39",18599700
22.2,-0.05,1000,"bu","14:25:37",18599500
22.2,-0.05,29300,"bu","14:25:36",18598500
22.2,-0.05,1500,"bu","14:25:31",18569200
22.15,-0.1,9000,"sd","14:25:31",18567700
22.15,-0.1,200,"sd","14:25:30",18558700
22.2,-0.05,2000,"bu","14:25:28",18558500
22.15,-0.1,1000,"sd","14:25:27",18556500
22.2,-0.05,200,"bu","14:25:26",18555500
22.15,-0.1,200,"sd","14:25:25",18555300
22.15,-0.1,9000,"sd","14:25:11",18555100
22.15,-0.1,300,"sd","14:25:09",18546100
22.15,-0.1,1000,"sd","14:25:03",18545800
22.2,-0.05,5400,"bu","14:25:02",18544800
22.15,-0.1,27600,"bu","14:25:00",18539400
22.15,-0.1,5000,"bu","14:24:59",18511800
22.15,-0.1,10100,"bu","14:24:54",18506800
22.1,-0.15,200,"sd","14:24:54",18496700
22.15,-0.1,1000,"bu","14:24:54",18496500
22.15,-0.1,3000,"bu","14:24:53",18495500
22.15,-0.1,13500,"sd","14:24:50",18492500
22.15,-0.1,100,"sd","14:24:49",18479000
22.15,-0.1,400,"bu","14:24:47",18478900
22.15,-0.1,100,"bu","14:24:47",18478500
22.15,-0.1,10000,"bu","14:24:46",18478400
22.15,-0.1,2400,"bu","14:24:45",18468400
22.15,-0.1,500,"bu","14:24:44",18466000
22.15,-0.1,1000,"bu","14:24:43",18465500
22.15,-0.1,4800,"bu","14:24:42",18464500
22.15,-0.1,700,"bu","14:24:41",18459700
22.15,-0.1,1800,"bu","14:24:41",18459000
22.15,-0.1,1000,"bu","14:24:39",18457200
22.1,-0.15,200,"sd","14:24:39",18456200
22.15,-0.1,1000,"bu","14:24:38",18456000
22.15,-0.1,300,"bu","14:24:37",18455000
22.15,-0.1,1800,"bu","14:24:36",18454700
22.15,-0.1,500,"bu","14:24:35",18452900
22.15,-0.1,2200,"bu","14:24:33",18452400
22.15,-0.1,1000,"bu","14:24:32",18450200
22.15,-0.1,100,"bu","14:24:29",18449200
22.15,-0.1,100,"bu","14:24:28",18449100
22.15,-0.1,5000,"bu","14:24:28",18449000
22.15,-0.1,100,"bu","14:24:27",18444000
22.15,-0.1,1000,"bu","14:24:25",18443900
22.1,-0.15,200,"sd","14:24:23",18442900
22.15,-0.1,5000,"bu","14:24:23",18442700
22.15,-0.1,10000,"bu","14:24:22",18437700
22.15,-0.1,70000,"bu","14:24:21",18427700
22.1,-0.15,300,"sd","14:24:18",18357700
22.15,-0.1,1000,"bu","14:24:12",18357400
22.1,-0.15,300,"sd","14:24:08",18356400
22.1,-0.15,1000,"sd","14:24:05",18356100
22.15,-0.1,100,"bu","14:23:59",18355100
22.1,-0.15,2000,"sd","14:23:56",18355000
22.15,-0.1,1000,"bu","14:23:56",18353000
22.1,-0.15,200,"sd","14:23:53",18352000
22.15,-0.1,6300,"bu","14:23:48",18351800
22.1,-0.15,5900,"sd","14:23:46",18345500
22.15,-0.1,100,"bu","14:23:43",18339600
22.15,-0.1,500,"bu","14:23:41",18339500
22.1,-0.15,200,"sd","14:23:37",18339000
22.1,-0.15,2000,"sd","14:23:32",18338800
22.15,-0.1,100,"bu","14:23:30",18336800
22.15,-0.1,100,"bu","14:23:26",18336700
22.15,-0.1,2000,"bu","14:23:25",18336600
22.1,-0.15,300,"sd","14:23:22",18334600
22.15,-0.1,30000,"bu","14:23:18",18334300
22.15,-0.1,5000,"bu","14:23:11",18304300
22.1,-0.15,200,"sd","14:23:07",18299300
22.15,-0.1,1000,"bu","14:23:02",18299100
22.15,-0.1,1000,"bu","14:23:00",18298100
22.1,-0.15,200,"sd","14:22:51",18297100
22.1,-0.15,1000,"sd","14:22:48",18296900
22.15,-0.1,700,"bu","14:22:42",18295900
22.1,-0.15,50000,"sd","14:22:39",18295200
22.1,-0.15,10000,"sd","14:22:37",18245200
22.1,-0.15,200,"sd","14:22:36",18235200
22.1,-0.15,200,"sd","14:22:34",18235000
22.15,-0.1,500,"bu","14:22:34",18234800
22.15,-0.1,700,"bu","14:22:32",18234300
22.1,-0.15,300,"sd","14:22:21",18233600
22.15,-0.1,500,"bu","14:22:13",18233300
22.15,-0.1,5000,"bu","14:22:09",18232800
22.15,-0.1,2600,"bu","14:22:09",18227800
22.1,-0.15,400,"sd","14:22:05",18225200
22.15,-0.1,1000,"bu","14:22:03",18224800
22.1,-0.15,5000,"sd","14:21:55",18223800
22.1,-0.15,100,"sd","14:21:53",18218800
22.1,-0.15,200,"sd","14:21:50",18218700
22.1,-0.15,300,"sd","14:21:35",18218500
22.15,-0.1,400,"bu","14:21:31",18218200
22.1,-0.15,1000,"sd","14:21:24",18217800
22.1,-0.15,2000,"sd","14:21:23",18216800
22.1,-0.15,200,"sd","14:21:20",18214800
22.1,-0.15,500,"sd","14:21:13",18214600
22.1,-0.15,19400,"bu","14:21:07",18214100
22.1,-0.15,1000,"bu","14:21:06",18194700
22.05,-0.2,200,"sd","14:21:04",18193700
22.1,-0.15,2000,"bu","14:21:03",18193500
22.1,-0.15,500,"bu","14:21:00",18191500
22.1,-0.15,200,"bu","14:20:51",18191000
22.05,-0.2,300,"sd","14:20:51",18190800
22.1,-0.15,1000,"bu","14:20:50",18190500
22.05,-0.2,200,"sd","14:20:49",18189500
22.05,-0.2,1000,"sd","14:20:48",18189300
22.1,-0.15,50000,"bu","14:20:47",18188300
22.1,-0.15,600,"bu","14:20:45",18138300
22.1,-0.15,5000,"bu","14:20:42",18137700
22.1,-0.15,1500,"bu","14:20:37",18132700
22.05,-0.2,300,"sd","14:20:34",18131200
22.05,-0.2,3000,"sd","14:20:28",18130900
22.1,-0.15,50000,"bu","14:20:25",18127900
22.05,-0.2,100,"sd","14:20:23",18077900
22.05,-0.2,200,"sd","14:20:18",18077800
22.05,-0.2,1000,"sd","14:20:17",18077600
22.1,-0.15,2000,"bu","14:20:16",18076600
22.05,-0.2,4000,"sd","14:20:15",18074600
22.05,-0.2,3600,"sd","14:20:06",18070600
22.05,-0.2,200,"sd","14:20:03",18067000
22.1,-0.15,20000,"bu","14:19:59",18066800
22.05,-0.2,300,"sd","14:19:48",18046800
22.05,-0.2,10000,"sd","14:19:46",18046500
22.05,-0.2,5000,"sd","14:19:45",18036500
22.05,-0.2,500,"sd","14:19:43",18031500
22.05,-0.2,500,"sd","14:19:37",18031000
22.05,-0.2,200,"sd","14:19:32",18030500
22.05,-0.2,5200,"sd","14:19:29",18030300
22.05,-0.2,1000,"sd","14:19:24",18025100
22.05,-0.2,5000,"sd","14:19:23",18024100
22.05,-0.2,5000,"sd","14:19:20",18019100
22.05,-0.2,200,"sd","14:19:17",18014100
22.05,-0.2,1600,"sd","14:19:12",18013900
22.05,-0.2,10900,"sd","14:19:11",18012300
22.05,-0.2,200,"sd","14:19:07",18001400
22.05,-0.2,200,"sd","14:19:02",18001200
22.05,-0.2,3500,"sd","14:19:00",18001000
22.1,-0.15,200,"bu","14:18:58",17997500
22.1,-0.15,100,"bu","14:18:52",17997300
22.05,-0.2,300,"sd","14:18:46",17997200
22.05,-0.2,6000,"sd","14:18:39",17996900
22.05,-0.2,200,"sd","14:18:31",17990900
22.1,-0.15,100,"bu","14:18:27",17990700
22.05,-0.2,200,"sd","14:18:16",17990600
22.1,-0.15,500,"bu","14:18:11",17990400
22.05,-0.2,300,"sd","14:18:00",17989900
22.05,-0.2,10000,"sd","14:17:57",17989600
22.05,-0.2,200,"sd","14:17:45",17979600
22.1,-0.15,1000,"bu","14:17:43",17979400
22.05,-0.2,100,"sd","14:17:37",17978400
22.05,-0.2,200,"sd","14:17:30",17978300
22.1,-0.15,500,"bu","14:17:30",17978100
22.1,-0.15,85000,"bu","14:17:24",17977600
22.05,-0.2,300,"sd","14:17:23",17892600
22.05,-0.2,500,"sd","14:17:15",17892300
22.05,-0.2,200,"sd","14:17:14",17891800
22.05,-0.2,5000,"sd","14:17:13",17891600
22.05,-0.2,300,"sd","14:17:00",17886600
22.05,-0.2,300,"sd","14:16:59",17886300
22.05,-0.2,100,"sd","14:16:53",17886000
22.05,-0.2,200,"sd","14:16:44",17885900
22.05,-0.2,500,"sd","14:16:43",17885700
22.05,-0.2,200,"sd","14:16:43",17885200
22.1,-0.15,1000,"bu","14:16:42",17885000
22.05,-0.2,7100,"sd","14:16:36",17884000
22.05,-0.2,200,"sd","14:16:28",17876900
22.05,-0.2,800,"sd","14:16:24",17876700
22.05,-0.2,500,"sd","14:16:21",17875900
22.1,-0.15,100,"bu","14:16:21",17875400
22.05,-0.2,10000,"sd","14:16:19",17875300
22.05,-0.2,41100,"sd","14:16:17",17865300
22.05,-0.2,1000,"sd","14:16:17",17824200
22.05,-0.2,6000,"sd","14:16:16",17823200
22.05,-0.2,1000,"sd","14:16:15",17817200
22.05,-0.2,300,"sd","14:16:13",17816200
22.05,-0.2,100,"sd","14:16:12",17815900
22.05,-0.2,86000,"sd","14:16:10",17815800
22.05,-0.2,9100,"sd","14:16:08",17729800
22.1,-0.15,100,"bu","14:16:05",17720700
22.05,-0.2,3000,"sd","14:16:01",17720600
22.05,-0.2,100,"sd","14:15:59",17717600
22.05,-0.2,700,"sd","14:15:58",17717500
22.05,-0.2,1100,"sd","14:15:56",17716800
22.05,-0.2,500,"sd","14:15:55",17715700
22.05,-0.2,15000,"sd","14:15:54",17715200
22.05,-0.2,48500,"sd","14:15:53",17700200
22.1,-0.15,1000,"bu","14:15:53",17651700
22.05,-0.2,4000,"sd","14:15:50",17650700
22.05,-0.2,4500,"sd","14:15:45",17646700
22.05,-0.2,2500,"sd","14:15:44",17642200
22.05,-0.2,200,"sd","14:15:42",17639700
22.05,-0.2,200,"sd","14:15:41",17639500
22.05,-0.2,300,"sd","14:15:39",17639300
22.05,-0.2,1000,"sd","14:15:34",17639000
22.05,-0.2,4800,"sd","14:15:34",17638000
22.1,-0.15,200,"bu","14:15:33",17633200
22.05,-0.2,200,"sd","14:15:27",17633000
22.05,-0.2,100,"sd","14:15:21",17632800
22.05,-0.2,500,"sd","14:15:17",17632700
22.05,-0.2,10000,"sd","14:15:13",17632200
22.05,-0.2,300,"sd","14:15:12",17622200
22.05,-0.2,100,"sd","14:15:07",17621900
22.05,-0.2,2000,"sd","14:15:05",17621800
22.05,-0.2,200,"sd","14:14:56",17619800
22.05,-0.2,200,"sd","14:14:41",17619600
22.05,-0.2,100,"sd","14:14:36",17619400
22.05,-0.2,300,"sd","14:14:26",17619300
22.05,-0.2,100,"sd","14:14:14",17619000
22.05,-0.2,500,"sd","14:14:13",17618900
22.05,-0.2,200,"sd","14:14:11",17618400
22.05,-0.2,300,"sd","14:14:10",17618200
22.05,-0.2,1500,"sd","14:14:07",17617900
22.05,-0.2,1000,"sd","14:13:59",17616400
22.05,-0.2,100,"sd","14:13:55",17615400
22.05,-0.2,100,"sd","14:13:55",17615300
22.1,-0.15,200,"bu","14:13:51",17615200
22.1,-0.15,1500,"bu","14:13:49",17615000
22.05,-0.2,500,"sd","14:13:49",17613500
22.05,-0.2,1000,"sd","14:13:48",17613000
22.05,-0.2,300,"sd","14:13:35",17612000
22.1,-0.15,300,"bu","14:13:32",17611700
22.05,-0.2,800,"sd","14:13:21",17611400
22.05,-0.2,15000,"sd","14:13:19",17610600
22.05,-0.2,800,"sd","14:13:12",17595600
22.05,-0.2,3300,"sd","14:13:09",17594800
22.05,-0.2,53000,"sd","14:13:04",17591500
22.05,-0.2,2000,"sd","14:12:51",17538500
22.05,-0.2,800,"sd","14:12:49",17536500
22.05,-0.2,3000,"sd","14:12:37",17535700
22.05,-0.2,500,"sd","14:12:28",17532700
22.05,-0.2,5000,"sd","14:12:15",17532200
22.05,-0.2,300,"sd","14:12:11",17527200
22.05,-0.2,9200,"sd","14:12:05",17526900
22.1,-0.15,3000,"bu","14:11:59",17517700
22.05,-0.2,500,"sd","14:11:41",17514700
22.1,-0.15,200,"bu","14:11:39",17514200
22.1,-0.15,2000,"bu","14:11:35",17514000
22.1,-0.15,200,"bu","14:11:30",17512000
22.1,-0.15,400,"bu","14:11:27",17511800
22.1,-0.15,54500,"sd","14:11:17",17511400
22.1,-0.15,300,"sd","14:11:12",17456900
22.1,-0.15,1500,"sd","14:11:12",17456600
22.1,-0.15,5000,"sd","14:11:04",17455100
22.1,-0.15,10000,"sd","14:10:58",17450100
22.1,-0.15,2600,"sd","14:10:55",17440100
22.1,-0.15,300,"sd","14:10:50",17437500
22.1,-0.15,2000,"sd","14:10:49",17437200
22.1,-0.15,300,"sd","14:10:39",17435200
22.1,-0.15,5000,"sd","14:10:37",17434900
22.1,-0.15,1000,"sd","14:10:37",17429900
22.1,-0.15,3200,"bu","14:10:24",17428900
22.1,-0.15,15500,"bu","14:10:23",17425700
22.1,-0.15,1000,"bu","14:10:21",17410200
22.1,-0.15,300,"bu","14:10:13",17409200
22.05,-0.2,500,"sd","14:10:11",17408900
22.1,-0.15,1500,"bu","14:10:10",17408400
22.1,-0.15,1000,"bu","14:10:07",17406900
22.1,-0.15,100,"bu","14:09:57",17405900
22.1,-0.15,1000,"bu","14:09:49",17405800
22.1,-0.15,10000,"bu","14:09:48",17404800
22.1,-0.15,100,"bu","14:09:47",17394800
22.1,-0.15,400,"bu","14:09:43",17394700
22.1,-0.15,500,"bu","14:09:42",17394300
22.1,-0.15,117300,"sd","14:09:42",17393800
22.15,-0.1,100,"bu","14:09:37",17276500
22.15,-0.1,5000,"bu","14:09:33",17276400
22.15,-0.1,6400,"sd","14:09:32",17271400
22.15,-0.1,25200,"sd","14:09:31",17265000
22.15,-0.1,100,"sd","14:09:23",17239800
22.15,-0.1,2900,"bu","14:08:50",17239700
22.15,-0.1,400,"bu","14:08:49",17236800
22.15,-0.1,100,"bu","14:08:48",17236400
22.15,-0.1,1000,"bu","14:08:47",17236300
22.15,-0.1,100,"bu","14:08:45",17235300
22.15,-0.1,200,"bu","14:08:38",17235200
22.15,-0.1,1000,"bu","14:08:36",17235000
22.15,-0.1,900,"bu","14:08:34",17234000
22.15,-0.1,5800,"bu","14:08:33",17233100
22.15,-0.1,5000,"bu","14:08:32",17227300
22.15,-0.1,1000,"bu","14:08:28",17222300
22.15,-0.1,5500,"bu","14:08:27",17221300
22.15,-0.1,14500,"bu","14:08:26",17215800
22.15,-0.1,100,"bu","14:08:25",17201300
22.15,-0.1,300,"bu","14:08:24",17201200
22.15,-0.1,500,"bu","14:08:23",17200900
22.15,-0.1,15000,"bu","14:08:21",17200400
22.15,-0.1,200,"bu","14:08:12",17185400
22.15,-0.1,500,"bu","14:08:08",17185200
22.15,-0.1,100,"bu","14:08:08",17184700
22.15,-0.1,100,"bu","14:08:07",17184600
22.15,-0.1,1000,"bu","14:08:05",17184500
22.15,-0.1,1700,"bu","14:08:01",17183500
22.15,-0.1,100,"bu","14:08:00",17181800
22.15,-0.1,5800,"bu","14:08:00",17181700
22.15,-0.1,3100,"sd","14:07:50",17175900
22.15,-0.1,500,"sd","14:07:36",17172800
22.15,-0.1,500,"sd","14:07:28",17172300
22.15,-0.1,3000,"sd","14:07:25",17171800
22.2,-0.05,100,"bu","14:07:24",17168800
22.15,-0.1,100,"sd","14:07:21",17168700
22.15,-0.1,8500,"sd","14:07:21",17168600
22.15,-0.1,5000,"sd","14:07:20",17160100
22.15,-0.1,100,"sd","14:07:17",17155100
22.2,-0.05,100,"bu","14:07:15",17155000
22.15,-0.1,5000,"sd","14:07:07",17154900
22.15,-0.1,3000,"sd","14:07:06",17149900
22.15,-0.1,300,"sd","14:07:03",17146900
22.15,-0.1,500,"sd","14:06:59",17146600
22.2,-0.05,1800,"bu","14:06:56",17146100
22.15,-0.1,2000,"sd","14:06:40",17144300
22.2,-0.05,500,"bu","14:06:37",17142300
22.15,-0.1,1900,"sd","14:06:37",17141800
22.15,-0.1,100,"sd","14:06:32",17139900
22.15,-0.1,1200,"bu","14:06:28",17139800
22.15,-0.1,5000,"bu","14:06:26",17138600
22.15,-0.1,200,"bu","14:06:25",17133600
22.15,-0.1,3000,"bu","14:06:24",17133400
22.15,-0.1,200,"bu","14:06:22",17130400
22.15,-0.1,1000,"bu","14:06:21",17130200
22.15,-0.1,500,"bu","14:06:17",17129200
22.15,-0.1,4400,"sd","14:06:15",17128700
22.15,-0.1,11100,"bu","14:06:14",17124300
22.15,-0.1,800,"bu","14:06:13",17113200
22.15,-0.1,13000,"bu","14:06:11",17112400
22.15,-0.1,4700,"bu","14:06:10",17099400
22.15,-0.1,1300,"bu","14:06:09",17094700
22.15,-0.1,100,"bu","14:06:08",17093400
22.15,-0.1,100,"bu","14:06:06",17093300
22.15,-0.1,1400,"bu","14:06:04",17093200
22.15,-0.1,5000,"bu","14:06:03",17091800
22.15,-0.1,100,"bu","14:06:01",17086800
22.15,-0.1,100,"bu","14:06:00",17086700
22.15,-0.1,600,"bu","14:05:59",17086600
22.15,-0.1,5000,"bu","14:05:58",17086000
22.15,-0.1,100,"bu","14:05:57",17081000
22.15,-0.1,2000,"bu","14:05:56",17080900
22.15,-0.1,500,"bu","14:05:55",17078900
22.15,-0.1,5000,"bu","14:05:53",17078400
22.15,-0.1,22000,"bu","14:05:51",17073400
22.15,-0.1,2000,"bu","14:05:48",17051400
22.15,-0.1,600,"bu","14:05:48",17049400
22.15,-0.1,1000,"bu","14:05:46",17048800
22.15,-0.1,5800,"bu","14:05:44",17047800
22.15,-0.1,1000,"bu","14:05:42",17042000
22.15,-0.1,2000,"bu","14:05:41",17041000
22.15,-0.1,3000,"bu","14:05:38",17039000
22.15,-0.1,500,"bu","14:05:37",17036000
22.15,-0.1,500,"bu","14:05:37",17035500
22.15,-0.1,500,"bu","14:05:34",17035000
22.15,-0.1,60100,"bu","14:05:30",17034500
22.15,-0.1,1000,"bu","14:05:28",16974400
22.15,-0.1,2000,"bu","14:05:26",16973400
22.15,-0.1,100,"bu","14:05:23",16971400
22.1,-0.15,2000,"sd","14:05:22",16971300
22.15,-0.1,200,"bu","14:05:13",16969300
22.1,-0.15,3000,"sd","14:05:05",16969100
22.1,-0.15,26200,"bu","14:04:53",16966100
22.1,-0.15,8700,"bu","14:04:52",16939900
22.1,-0.15,1900,"bu","14:04:51",16931200
22.1,-0.15,10000,"bu","14:04:51",16929300
22.1,-0.15,13000,"bu","14:04:49",16919300
22.1,-0.15,10000,"bu","14:04:47",16906300
22.1,-0.15,2100,"bu","14:04:47",16896300
22.1,-0.15,4000,"bu","14:04:46",16894200
22.1,-0.15,2900,"bu","14:04:45",16890200
22.1,-0.15,4000,"bu","14:04:44",16887300
22.1,-0.15,8000,"bu","14:04:43",16883300
22.05,-0.2,300,"sd","14:04:43",16875300
22.1,-0.15,3000,"bu","14:04:43",16875000
22.1,-0.15,1100,"bu","14:04:42",16872000
22.1,-0.15,200,"bu","14:04:40",16870900
22.1,-0.15,500,"bu","14:04:39",16870700
22.1,-0.15,1000,"bu","14:04:36",16870200
22.1,-0.15,20000,"bu","14:04:36",16869200
22.1,-0.15,6600,"bu","14:04:34",16849200
22.1,-0.15,900,"bu","14:04:31",16842600
22.1,-0.15,2400,"bu","14:04:30",16841700
22.1,-0.15,400,"bu","14:04:29",16839300
22.1,-0.15,500,"bu","14:04:27",16838900
22.1,-0.15,1600,"bu","14:04:26",16838400
22.1,-0.15,6000,"bu","14:04:24",16836800
22.1,-0.15,500,"bu","14:04:20",16830800
22.1,-0.15,6500,"bu","14:04:19",16830300
22.1,-0.15,1000,"bu","14:04:09",16823800
22.1,-0.15,500,"bu","14:04:07",16822800
22.1,-0.15,16500,"bu","14:04:05",16822300
22.1,-0.15,2000,"bu","14:04:02",16805800
22.1,-0.15,100,"bu","14:03:59",16803800
22.1,-0.15,5000,"bu","14:03:57",16803700
22.1,-0.15,5400,"bu","14:03:56",16798700
22.1,-0.15,500,"bu","14:03:54",16793300
22.1,-0.15,10000,"bu","14:03:54",16792800
22.1,-0.15,5000,"bu","14:03:53",16782800
22.1,-0.15,2000,"bu","14:03:52",16777800
22.1,-0.15,12600,"bu","14:03:51",16775800
22.1,-0.15,17400,"bu","14:03:50",16763200
22.1,-0.15,1400,"bu","14:03:44",16745800
22.1,-0.15,1000,"bu","14:03:41",16744400
22.1,-0.15,100,"bu","14:03:32",16743400
22.1,-0.15,500,"bu","14:03:30",16743300
22.1,-0.15,2000,"bu","14:03:28",16742800
22.1,-0.15,500,"bu","14:03:27",16740800
22.1,-0.15,1000,"bu","14:03:24",16740300
22.1,-0.15,1000,"bu","14:03:22",16739300
22.1,-0.15,7000,"bu","14:03:12",16738300
22.1,-0.15,5000,"bu","14:03:10",16731300
22.1,-0.15,10000,"bu","14:03:07",16726300
22.05,-0.2,100,"sd","14:02:47",16716300
22.05,-0.2,1000,"sd","14:02:35",16716200
22.1,-0.15,10000,"bu","14:02:25",16715200
22.05,-0.2,4300,"bu","14:02:23",16705200
22,-0.25,1500,"sd","14:02:23",16700900
22.05,-0.2,200,"bu","14:02:23",16699400
22.05,-0.2,3500,"bu","14:02:22",16699200
22.05,-0.2,600,"bu","14:02:21",16695700
22.05,-0.2,31000,"bu","14:02:21",16695100
22.05,-0.2,200,"bu","14:02:20",16664100
22.05,-0.2,50100,"bu","14:02:20",16663900
22.05,-0.2,500,"bu","14:02:18",16613800
22.05,-0.2,50000,"bu","14:02:17",16613300
22.05,-0.2,10000,"bu","14:02:17",16563300
22.05,-0.2,33000,"bu","14:02:15",16553300
22.05,-0.2,500,"bu","14:02:15",16520300
22.05,-0.2,800,"bu","14:02:14",16519800
22.05,-0.2,2500,"bu","14:02:13",16519000
22.05,-0.2,100,"bu","14:02:12",16516500
22.05,-0.2,18300,"bu","14:02:11",16516400
22.05,-0.2,5000,"bu","14:02:07",16498100
22.05,-0.2,3000,"bu","14:02:05",16493100
22.05,-0.2,5200,"bu","14:02:00",16490100
22.05,-0.2,100,"bu","14:01:59",16484900
22.05,-0.2,3000,"bu","14:01:55",16484800
22.05,-0.2,3000,"bu","14:01:51",16481800
22.05,-0.2,1400,"bu","14:01:49",16478800
22.05,-0.2,100,"bu","14:01:45",16477400
22.05,-0.2,30000,"bu","14:01:44",16477300
22,-0.25,13000,"sd","14:01:41",16447300
22.05,-0.2,100,"bu","14:01:41",16434300
22.05,-0.2,2000,"bu","14:01:35",16434200
22.05,-0.2,1000,"bu","14:01:28",16432200
22.05,-0.2,1000,"bu","14:01:27",16431200
22.05,-0.2,29000,"bu","14:01:23",16430200
22.05,-0.2,100,"bu","14:01:19",16401200
22.05,-0.2,900,"bu","14:01:18",16401100
22.05,-0.2,1000,"bu","14:01:13",16400200
22.05,-0.2,1100,"bu","14:00:56",16399200
22.05,-0.2,500,"bu","14:00:38",16398100
22,-0.25,1000,"sd","14:00:37",16397600
22.05,-0.2,200,"bu","14:00:34",16396600
22.05,-0.2,500,"bu","14:00:27",16396400
22.05,-0.2,5000,"bu","14:00:19",16395900
22,-0.25,2200,"sd","14:00:10",16390900
22,-0.25,300,"sd","14:00:09",16388700
22,-0.25,100,"sd","13:59:56",16388400
22,-0.25,1000,"sd","13:59:52",16388300
22,-0.25,2100,"sd","13:59:40",16387300
22.05,-0.2,500,"bu","13:59:31",16385200
22,-0.25,2500,"sd","13:59:24",16384700
22,-0.25,3000,"sd","13:59:23",16382200
22.05,-0.2,1300,"bu","13:59:11",16379200
22,-0.25,5000,"sd","13:59:01",16377900
22,-0.25,2000,"sd","13:59:00",16372900
22,-0.25,2000,"sd","13:58:59",16370900
22,-0.25,400,"sd","13:58:55",16368900
22,-0.25,4400,"sd","13:58:52",16368500
22,-0.25,10600,"sd","13:58:51",16364100
22,-0.25,4000,"sd","13:58:47",16353500
22,-0.25,100,"sd","13:58:44",16349500
22,-0.25,1900,"sd","13:58:43",16349400
22.05,-0.2,300,"bu","13:58:42",16347500
22.05,-0.2,2000,"bu","13:58:41",16347200
22,-0.25,500,"sd","13:58:39",16345200
22,-0.25,500,"sd","13:58:36",16344700
22,-0.25,1000,"sd","13:58:32",16344200
22,-0.25,6900,"sd","13:58:26",16343200
22,-0.25,1000,"sd","13:58:20",16336300
22,-0.25,2300,"sd","13:58:11",16335300
22,-0.25,10000,"sd","13:58:08",16333000
22,-0.25,1000,"sd","13:57:53",16323000
22,-0.25,500,"sd","13:57:52",16322000
22,-0.25,4400,"bu","13:57:51",16321500
22,-0.25,500,"bu","13:57:48",16317100
22,-0.25,2000,"bu","13:57:47",16316600
22,-0.25,3100,"sd","13:57:46",16314600
22,-0.25,900,"bu","13:57:44",16311500
22,-0.25,1300,"bu","13:57:39",16310600
22,-0.25,100,"bu","13:57:38",16309300
22,-0.25,3000,"bu","13:57:37",16309200
22,-0.25,15300,"sd","13:57:34",16306200
22,-0.25,4200,"sd","13:57:32",16290900
22,-0.25,1800,"bu","13:57:31",16286700
22,-0.25,200,"bu","13:57:30",16284900
22,-0.25,1800,"sd","13:57:27",16284700
22,-0.25,100,"sd","13:57:24",16282900
22,-0.25,300,"bu","13:57:17",16282800
22,-0.25,2000,"bu","13:57:16",16282500
22,-0.25,1000,"bu","13:57:14",16280500
22,-0.25,500,"bu","13:57:13",16279500
22,-0.25,200,"bu","13:57:12",16279000
22,-0.25,2100,"bu","13:57:11",16278800
22,-0.25,5900,"sd","13:57:10",16276700
22,-0.25,18000,"sd","13:57:10",16270800
22,-0.25,12900,"sd","13:57:09",16252800
22,-0.25,400,"sd","13:57:06",16239900
22,-0.25,5000,"sd","13:57:03",16239500
22.05,-0.2,2300,"bu","13:57:02",16234500
22,-0.25,2000,"sd","13:56:59",16232200
22,-0.25,1000,"sd","13:56:58",16230200
22,-0.25,2600,"sd","13:56:55",16229200
22,-0.25,1000,"sd","13:56:53",16226600
22,-0.25,5000,"sd","13:56:51",16225600
22,-0.25,200,"sd","13:56:48",16220600
22,-0.25,1000,"sd","13:56:47",16220400
22,-0.25,500,"sd","13:56:38",16219400
22,-0.25,500,"sd","13:56:36",16218900
22,-0.25,500,"sd","13:56:35",16218400
22,-0.25,1000,"sd","13:56:33",16217900
22,-0.25,300,"sd","13:56:33",16216900
22.05,-0.2,100,"bu","13:56:31",16216600
22,-0.25,1000,"sd","13:56:31",16216500
22,-0.25,200,"sd","13:56:26",16215500
22,-0.25,1500,"sd","13:56:22",16215300
22.05,-0.2,3000,"bu","13:56:20",16213800
22,-0.25,2000,"sd","13:56:19",16210800
22,-0.25,3000,"sd","13:56:18",16208800
22,-0.25,5000,"sd","13:56:14",16205800
22,-0.25,2000,"sd","13:56:13",16200800
22,-0.25,8000,"sd","13:56:08",16198800
22,-0.25,100,"sd","13:56:07",16190800
22,-0.25,1000,"sd","13:56:02",16190700
22,-0.25,2000,"sd","13:55:58",16189700
22,-0.25,500,"sd","13:55:53",16187700
22,-0.25,1000,"sd","13:55:47",16187200
22,-0.25,2600,"sd","13:55:45",16186200
22,-0.25,1000,"sd","13:55:42",16183600
22,-0.25,500,"sd","13:55:41",16182600
22,-0.25,400,"sd","13:55:37",16182100
22,-0.25,3000,"sd","13:55:36",16181700
22,-0.25,400,"sd","13:55:30",16178700
22,-0.25,5000,"sd","13:55:26",16178300
22,-0.25,500,"sd","13:55:25",16173300
22,-0.25,1800,"sd","13:55:24",16172800
22,-0.25,3000,"sd","13:55:23",16171000
22,-0.25,1000,"sd","13:55:23",16168000
22.05,-0.2,500,"bu","13:55:20",16167000
22,-0.25,10000,"sd","13:55:20",16166500
22,-0.25,1500,"sd","13:55:18",16156500
22,-0.25,500,"sd","13:55:16",16155000
22,-0.25,600,"sd","13:55:15",16154500
22,-0.25,1000,"sd","13:55:11",16153900
22,-0.25,1000,"sd","13:55:08",16152900
22,-0.25,2000,"sd","13:55:07",16151900
22,-0.25,2100,"sd","13:55:03",16149900
22.05,-0.2,6000,"bu","13:54:58",16147800
22,-0.25,1000,"sd","13:54:57",16141800
22,-0.25,500,"sd","13:54:56",16140800
22,-0.25,5000,"sd","13:54:53",16140300
22,-0.25,3100,"sd","13:54:52",16135300
22,-0.25,10000,"sd","13:54:49",16132200
22,-0.25,10000,"sd","13:54:45",16122200
22,-0.25,2100,"sd","13:54:35",16112200
22,-0.25,500,"sd","13:54:31",16110100
22,-0.25,20000,"sd","13:54:30",16109600
22,-0.25,3000,"sd","13:54:30",16089600
22.05,-0.2,1000,"bu","13:54:29",16086600
22,-0.25,100,"sd","13:54:28",16085600
22,-0.25,2000,"sd","13:54:26",16085500
22,-0.25,1000,"sd","13:54:23",16083500
22,-0.25,500,"sd","13:54:21",16082500
22,-0.25,20000,"sd","13:54:17",16082000
22,-0.25,200,"sd","13:54:15",16062000
22,-0.25,500,"sd","13:54:06",16061800
22,-0.25,5000,"sd","13:53:59",16061300
22,-0.25,3000,"sd","13:53:56",16056300
22,-0.25,2200,"sd","13:53:54",16053300
22,-0.25,1300,"sd","13:53:53",16051100
22,-0.25,14000,"sd","13:53:41",16049800
22,-0.25,5000,"sd","13:53:38",16035800
22,-0.25,500,"sd","13:53:33",16030800
22,-0.25,500,"sd","13:53:28",16030300
22,-0.25,1000,"sd","13:53:20",16029800
22,-0.25,100,"sd","13:53:19",16028800
22,-0.25,2100,"sd","13:53:17",16028700
22,-0.25,500,"sd","13:53:13",16026600
22,-0.25,2500,"sd","13:53:04",16026100
22,-0.25,5000,"sd","13:52:55",16023600
22,-0.25,1900,"sd","13:52:53",16018600
22,-0.25,2000,"sd","13:52:40",16016700
22,-0.25,15000,"sd","13:52:31",16014700
22,-0.25,200,"sd","13:52:30",15999700
22,-0.25,400,"sd","13:52:20",15999500
22,-0.25,1000,"sd","13:52:19",15999100
22,-0.25,7000,"sd","13:52:18",15998100
22,-0.25,2400,"sd","13:52:17",15991100
22,-0.25,2000,"sd","13:52:08",15988700
22,-0.25,400,"sd","13:51:57",15986700
22,-0.25,2100,"sd","13:51:34",15986300
22,-0.25,10000,"sd","13:51:25",15984200
22,-0.25,9000,"sd","13:51:13",15974200
22,-0.25,2500,"sd","13:51:07",15965200
22,-0.25,500,"sd","13:51:05",15962700
22,-0.25,5000,"sd","13:51:02",15962200
22,-0.25,2000,"sd","13:50:59",15957200
22,-0.25,8000,"bu","13:50:56",15955200
22,-0.25,2500,"bu","13:50:55",15947200
22,-0.25,14900,"bu","13:50:55",15944700
22,-0.25,400,"bu","13:50:54",15929800
22,-0.25,1000,"bu","13:50:53",15929400
22,-0.25,1400,"bu","13:50:52",15928400
22,-0.25,2000,"bu","13:50:51",15927000
22,-0.25,900,"bu","13:50:50",15925000
22,-0.25,5000,"bu","13:50:49",15924100
22,-0.25,1100,"bu","13:50:48",15919100
22,-0.25,500,"bu","13:50:45",15918000
22,-0.25,15600,"bu","13:50:34",15917500
22,-0.25,1000,"bu","13:50:32",15901900
22,-0.25,10000,"bu","13:50:31",15900900
22,-0.25,2000,"bu","13:50:29",15890900
22,-0.25,100,"bu","13:50:29",15888900
21.95,-0.3,2400,"sd","13:50:25",15888800
21.95,-0.3,100,"sd","13:50:23",15886400
22,-0.25,500,"bu","13:50:23",15886300
22,-0.25,700,"bu","13:50:22",15885800
22,-0.25,400,"bu","13:50:21",15885100
22,-0.25,500,"bu","13:50:20",15884700
22,-0.25,300,"bu","13:50:19",15884200
22,-0.25,1000,"bu","13:50:17",15883900
22,-0.25,1000,"bu","13:50:15",15882900
22,-0.25,1000,"bu","13:50:14",15881900
22,-0.25,200,"bu","13:50:14",15880900
22,-0.25,800,"bu","13:50:13",15880700
22,-0.25,2000,"bu","13:50:09",15879900
22,-0.25,100,"bu","13:50:02",15877900
22,-0.25,200,"bu","13:49:58",15877800
22,-0.25,1000,"bu","13:49:56",15877600
21.95,-0.3,2400,"sd","13:49:43",15876600
22,-0.25,200,"bu","13:49:38",15874200
22,-0.25,4000,"bu","13:49:37",15874000
21.95,-0.3,3000,"sd","13:49:37",15870000
22,-0.25,500,"bu","13:49:33",15867000
21.95,-0.3,4500,"sd","13:49:29",15866500
22,-0.25,500,"bu","13:49:27",15862000
22,-0.25,100,"bu","13:49:25",15861500
22,-0.25,3900,"sd","13:49:19",15861400
22,-0.25,600,"bu","13:49:16",15857500
22,-0.25,400,"sd","13:49:15",15856900
22,-0.25,2200,"sd","13:49:14",15856500
22,-0.25,800,"sd","13:49:13",15854300
22,-0.25,5100,"sd","13:49:08",15853500
22,-0.25,1900,"sd","13:49:04",15848400
22,-0.25,2500,"sd","13:48:59",15846500
22,-0.25,300,"sd","13:48:58",15844000
22,-0.25,1000,"sd","13:48:58",15843700
22,-0.25,4000,"sd","13:48:56",15842700
22,-0.25,20000,"sd","13:48:55",15838700
22,-0.25,50000,"sd","13:48:55",15818700
22,-0.25,200,"sd","13:48:53",15768700
22,-0.25,1000,"sd","13:48:53",15768500
22,-0.25,3800,"sd","13:48:52",15767500
22,-0.25,500,"sd","13:48:50",15763700
22,-0.25,5000,"sd","13:48:46",15763200
22,-0.25,2000,"sd","13:48:45",15758200
22,-0.25,8900,"sd","13:48:42",15756200
22,-0.25,4300,"sd","13:48:40",15747300
22,-0.25,20700,"sd","13:48:40",15743000
22,-0.25,8800,"sd","13:48:34",15722300
22,-0.25,74200,"sd","13:48:34",15713500
22,-0.25,2000,"sd","13:48:32",15639300
22,-0.25,2100,"sd","13:48:31",15637300
22.05,-0.2,1000,"bu","13:48:27",15635200
22,-0.25,500,"sd","13:48:21",15634200
22,-0.25,2100,"sd","13:48:19",15633700
22.05,-0.2,3000,"bu","13:48:19",15631600
22,-0.25,7000,"sd","13:48:17",15628600
22,-0.25,100,"sd","13:48:09",15621600
22,-0.25,1000,"sd","13:48:05",15621500
22,-0.25,2000,"sd","13:48:03",15620500
22,-0.25,300,"sd","13:48:02",15618500
22,-0.25,2200,"sd","13:47:58",15618200
22,-0.25,10000,"sd","13:47:56",15616000
22,-0.25,5000,"sd","13:47:48",15606000
22,-0.25,1800,"sd","13:47:45",15601000
22,-0.25,3000,"sd","13:47:43",15599200
22,-0.25,100,"sd","13:47:30",15596200
22,-0.25,1000,"sd","13:47:24",15596100
22.05,-0.2,3000,"bu","13:47:22",15595100
22,-0.25,2300,"sd","13:47:21",15592100
22,-0.25,800,"sd","13:47:21",15589800
22.05,-0.2,100,"bu","13:47:20",15589000
22,-0.25,4000,"sd","13:47:14",15588900
22,-0.25,700,"sd","13:47:10",15584900
22,-0.25,300,"sd","13:47:07",15584200
22,-0.25,50000,"sd","13:46:48",15583900
22.05,-0.2,400,"bu","13:46:48",15533900
22,-0.25,2200,"sd","13:46:44",15533500
22.05,-0.2,100,"bu","13:46:41",15531300
22.05,-0.2,10000,"bu","13:46:23",15531200
22.05,-0.2,100,"bu","13:46:21",15521200
22.05,-0.2,400,"bu","13:46:16",15521100
22.05,-0.2,5000,"bu","13:46:07",15520700
22,-0.25,2000,"sd","13:46:07",15515700
22.05,-0.2,100,"bu","13:45:52",15513700
22,-0.25,2200,"sd","13:45:44",15513600
22.05,-0.2,4000,"bu","13:45:38",15511400
22,-0.25,30000,"sd","13:45:36",15507400
22,-0.25,2300,"sd","13:45:33",15477400
22,-0.25,3500,"sd","13:45:30",15475100
22,-0.25,6500,"sd","13:45:28",15471600
22,-0.25,1100,"sd","13:45:22",15465100
22,-0.25,2000,"sd","13:45:19",15464000
22,-0.25,40000,"sd","13:45:12",15462000
22,-0.25,200,"sd","13:45:09",15422000
22,-0.25,400,"sd","13:45:07",15421800
22,-0.25,100,"sd","13:44:58",15421400
22,-0.25,1900,"sd","13:44:54",15421300
22,-0.25,500,"sd","13:44:51",15419400
22,-0.25,1000,"sd","13:44:50",15418900
22,-0.25,6000,"sd","13:44:48",15417900
22,-0.25,200,"sd","13:44:45",15411900
22,-0.25,2000,"sd","13:44:35",15411700
22,-0.25,80400,"sd","13:44:33",15409700
22,-0.25,4800,"sd","13:44:28",15329300
22,-0.25,7600,"sd","13:44:27",15324500
22,-0.25,2200,"sd","13:44:22",15316900
22,-0.25,100,"sd","13:44:21",15314700
22,-0.25,5000,"sd","13:44:19",15314600
22,-0.25,13000,"sd","13:44:10",15309600
22,-0.25,31000,"sd","13:44:06",15296600
22,-0.25,7600,"sd","13:43:58",15265600
22,-0.25,500,"sd","13:43:55",15258000
22,-0.25,1000,"sd","13:43:54",15257500
22,-0.25,11800,"sd","13:43:46",15256500
22,-0.25,30000,"sd","13:43:45",15244700
22,-0.25,2100,"sd","13:43:44",15214700
22,-0.25,1900,"sd","13:43:44",15212600
22,-0.25,1000,"sd","13:43:40",15210700
22,-0.25,2000,"sd","13:43:37",15209700
22,-0.25,100,"sd","13:43:36",15207700
22,-0.25,100,"sd","13:43:30",15207600
22,-0.25,11000,"sd","13:43:20",15207500
22,-0.25,1000,"sd","13:43:15",15196500
22,-0.25,1100,"sd","13:43:13",15195500
22,-0.25,2200,"sd","13:43:09",15194400
22,-0.25,300,"sd","13:42:57",15192200
22,-0.25,100,"sd","13:42:51",15191900
22,-0.25,300,"sd","13:42:48",15191800
22,-0.25,800,"sd","13:42:42",15191500
22.05,-0.2,100,"bu","13:42:36",15190700
22,-0.25,500,"sd","13:42:36",15190600
22,-0.25,3300,"sd","13:42:33",15190100
22,-0.25,1000,"sd","13:42:31",15186800
22,-0.25,2000,"sd","13:42:28",15185800
22,-0.25,200,"sd","13:42:16",15183800
22,-0.25,800,"sd","13:42:12",15183600
22,-0.25,1000,"sd","13:42:08",15182800
22,-0.25,1000,"sd","13:42:01",15181800
22,-0.25,24100,"sd","13:41:55",15180800
22,-0.25,2500,"sd","13:41:54",15156700
22.05,-0.2,5000,"bu","13:41:54",15154200
22,-0.25,100,"sd","13:41:48",15149200
22,-0.25,6400,"sd","13:41:42",15149100
22,-0.25,100,"sd","13:41:34",15142700
22,-0.25,100,"sd","13:41:28",15142600
22,-0.25,1000,"sd","13:41:27",15142500
22,-0.25,5300,"sd","13:41:21",15140500
22,-0.25,47300,"bu","13:41:20",15135200
21.95,-0.3,2200,"sd","13:41:20",15087900
22,-0.25,29100,"bu","13:41:20",15085700
22,-0.25,20900,"bu","13:41:20",15056600
22,-0.25,900,"bu","13:41:19",15035700
22,-0.25,1000,"bu","13:41:18",15034800
22,-0.25,900,"bu","13:41:17",15033800
22,-0.25,1000,"bu","13:41:13",15032900
22,-0.25,500,"bu","13:41:11",15031900
22,-0.25,1000,"bu","13:41:08",15031400
22,-0.25,2800,"bu","13:41:07",15030400
22,-0.25,200,"bu","13:41:06",15027600
22,-0.25,500,"bu","13:41:05",15027400
22,-0.25,5100,"bu","13:41:03",15026900
22,-0.25,5000,"bu","13:41:02",15021800
22,-0.25,500,"bu","13:41:01",15016800
22,-0.25,300,"bu","13:41:00",15016300
22,-0.25,500,"bu","13:40:59",15016000
22,-0.25,100,"bu","13:40:57",15015500
22,-0.25,700,"bu","13:40:56",15015400
22,-0.25,1000,"bu","13:40:54",15014700
22,-0.25,1000,"bu","13:40:53",15013700
22,-0.25,2000,"bu","13:40:51",15012700
22,-0.25,2000,"bu","13:40:50",15010700
21.95,-0.3,10000,"sd","13:40:48",15008700
21.95,-0.3,1000,"sd","13:40:46",14998700
22,-0.25,700,"bu","13:40:44",14997700
21.95,-0.3,2300,"sd","13:40:44",14997000
22,-0.25,100,"bu","13:40:43",14994700
22,-0.25,100,"bu","13:40:42",14994600
21.95,-0.3,500,"sd","13:40:39",14994500
21.95,-0.3,3000,"sd","13:40:34",14994000
21.95,-0.3,4000,"sd","13:40:31",14991000
22,-0.25,500,"bu","13:40:30",14987000
21.95,-0.3,1500,"sd","13:40:30",14986500
22,-0.25,200,"bu","13:40:29",14985000
21.95,-0.3,200,"sd","13:40:25",14984800
22,-0.25,800,"bu","13:40:25",14984600
22,-0.25,900,"bu","13:40:25",14983800
22,-0.25,2000,"bu","13:40:24",14982900
22,-0.25,4000,"bu","13:40:16",14980900
22,-0.25,700,"bu","13:40:12",14976900
22,-0.25,700,"bu","13:40:12",14976200
22,-0.25,1000,"bu","13:40:11",14975500
21.95,-0.3,300,"sd","13:40:09",14974500
22,-0.25,400,"bu","13:40:08",14974200
22,-0.25,100,"bu","13:40:07",14973800
21.95,-0.3,2100,"sd","13:40:04",14973700
22,-0.25,2000,"bu","13:40:04",14971600
22,-0.25,20000,"bu","13:40:02",14969600
22,-0.25,500,"bu","13:39:59",14949600
22,-0.25,1500,"bu","13:39:58",14949100
22,-0.25,1500,"bu","13:39:58",14947600
22,-0.25,7000,"bu","13:39:56",14946100
22,-0.25,5000,"bu","13:39:54",14939100
22,-0.25,900,"bu","13:39:51",14934100
22,-0.25,2000,"bu","13:39:45",14933200
22,-0.25,2000,"bu","13:39:43",14931200
22,-0.25,800,"bu","13:39:41",14929200
22,-0.25,200,"bu","13:39:35",14928400
22,-0.25,500,"bu","13:39:34",14928200
22,-0.25,1000,"bu","13:39:32",14927700
21.95,-0.3,2100,"sd","13:39:30",14926700
22,-0.25,2000,"bu","13:39:28",14924600
22,-0.25,200,"bu","13:39:27",14922600
22,-0.25,800,"bu","13:39:26",14922400
22,-0.25,200,"bu","13:39:19",14921600
22,-0.25,300,"bu","13:39:17",14921400
22,-0.25,200,"bu","13:39:10",14921100
22,-0.25,300,"bu","13:39:10",14920900
22,-0.25,2000,"bu","13:38:58",14920600
22,-0.25,500,"bu","13:38:58",14918600
21.95,-0.3,2100,"sd","13:38:54",14918100
22,-0.25,1000,"bu","13:38:46",14916000
21.95,-0.3,600,"sd","13:38:45",14915000
21.95,-0.3,500,"sd","13:38:30",14914400
22,-0.25,3000,"bu","13:38:25",14913900
21.95,-0.3,2000,"sd","13:38:23",14910900
21.95,-0.3,2200,"sd","13:38:20",14908900
22,-0.25,1200,"bu","13:38:14",14906700
21.95,-0.3,300,"sd","13:38:08",14905500
22,-0.25,5000,"bu","13:38:06",14905200
22,-0.25,300,"bu","13:37:53",14900200
21.95,-0.3,400,"sd","13:37:52",14899900
21.95,-0.3,2300,"sd","13:37:41",14899500
22,-0.25,100,"bu","13:37:37",14897200
22,-0.25,500,"bu","13:37:36",14897100
22,-0.25,500,"bu","13:37:34",14896600
22,-0.25,100,"bu","13:37:29",14896100
22,-0.25,1500,"bu","13:37:29",14896000
22,-0.25,300,"bu","13:37:26",14894500
22,-0.25,1000,"bu","13:37:25",14894200
22,-0.25,100,"bu","13:37:25",14893200
22,-0.25,500,"bu","13:37:24",14893100
22,-0.25,100,"bu","13:37:22",14892600
22,-0.25,500,"bu","13:37:19",14892500
22,-0.25,200,"bu","13:37:16",14892000
22,-0.25,1000,"bu","13:37:15",14891800
22,-0.25,300,"bu","13:37:08",14890300
21.95,-0.3,2400,"sd","13:37:03",14890000
22,-0.25,500,"bu","13:36:56",14887600
21.95,-0.3,100,"sd","13:36:51",14887100
22,-0.25,1000,"bu","13:36:50",14887000
22,-0.25,1000,"bu","13:36:49",14886000
22,-0.25,2000,"bu","13:36:47",14885000
22,-0.25,2100,"bu","13:36:46",14883000
22,-0.25,1000,"bu","13:36:44",14880900
21.95,-0.3,1000,"sd","13:36:43",14879900
22,-0.25,1900,"bu","13:36:37",14878900
22,-0.25,500,"bu","13:36:33",14877000
22,-0.25,200,"bu","13:36:27",14876500
22,-0.25,5000,"bu","13:36:27",14876300
22,-0.25,500,"bu","13:36:26",14871300
22,-0.25,200,"bu","13:36:26",14870800
21.95,-0.3,1900,"sd","13:36:24",14870600
21.95,-0.3,3000,"sd","13:36:23",14868700
22,-0.25,2000,"bu","13:36:23",14865700
22,-0.25,1600,"bu","13:36:16",14863700
21.95,-0.3,5600,"sd","13:36:15",14862100
22,-0.25,15000,"bu","13:36:13",14856500
22,-0.25,100,"bu","13:36:10",14841500
22,-0.25,1000,"bu","13:36:06",14841400
22,-0.25,200,"bu","13:36:00",14840400
22,-0.25,500,"bu","13:35:54",14840200
21.95,-0.3,100,"sd","13:35:53",14839700
21.95,-0.3,2700,"sd","13:35:52",14839600
21.95,-0.3,2000,"sd","13:35:34",14836900
21.95,-0.3,1500,"sd","13:35:32",14834900
21.95,-0.3,3000,"sd","13:35:31",14833400
21.95,-0.3,1000,"sd","13:35:24",14830400
22,-0.25,100,"bu","13:35:21",14829400
21.95,-0.3,5000,"sd","13:35:19",14829300
21.95,-0.3,1000,"sd","13:35:18",14824300
21.95,-0.3,2000,"sd","13:35:14",14823300
21.95,-0.3,1500,"sd","13:35:13",14821300
21.95,-0.3,1000,"sd","13:35:11",14819800
21.95,-0.3,3000,"sd","13:35:05",14818800
21.95,-0.3,40000,"sd","13:35:04",14815800
22,-0.25,2400,"bu","13:35:03",14775800
21.95,-0.3,10000,"sd","13:35:02",14773400
22,-0.25,100,"bu","13:35:01",14763400
21.95,-0.3,7000,"sd","13:34:59",14763300
21.95,-0.3,1800,"sd","13:34:58",14756300
21.95,-0.3,500,"sd","13:34:57",14754500
21.95,-0.3,100,"sd","13:34:53",14754000
21.95,-0.3,5300,"sd","13:34:48",14753900
21.95,-0.3,400,"sd","13:34:46",14748600
21.95,-0.3,12000,"sd","13:34:45",14748200
21.95,-0.3,2400,"sd","13:34:40",14736200
21.95,-0.3,2000,"sd","13:34:38",14733800
21.95,-0.3,1800,"sd","13:34:35",14731800
21.95,-0.3,1900,"sd","13:34:28",14730000
21.95,-0.3,10000,"sd","13:34:06",14728100
22,-0.25,600,"bu","13:34:04",14718100
21.95,-0.3,2300,"sd","13:34:00",14717500
21.95,-0.3,2700,"sd","13:33:54",14715200
21.95,-0.3,200,"sd","13:33:50",14712500
21.95,-0.3,6000,"sd","13:33:49",14712300
21.95,-0.3,4000,"sd","13:33:43",14706300
22,-0.25,500,"bu","13:33:43",14702300
21.95,-0.3,1500,"sd","13:33:41",14701800
21.95,-0.3,4600,"sd","13:33:38",14700300
21.95,-0.3,3500,"sd","13:33:32",14695700
21.95,-0.3,1400,"sd","13:33:26",14692200
21.95,-0.3,1000,"sd","13:33:26",14690800
21.95,-0.3,2600,"sd","13:33:22",14689800
21.95,-0.3,20000,"sd","13:33:16",14687200
21.95,-0.3,5000,"sd","13:33:15",14667200
21.95,-0.3,2200,"sd","13:33:03",14662200
21.95,-0.3,200,"sd","13:33:00",14660000
21.95,-0.3,10000,"sd","13:32:59",14659800
21.95,-0.3,3000,"sd","13:32:57",14649800
21.95,-0.3,1000,"sd","13:32:56",14646800
21.95,-0.3,100,"sd","13:32:52",14645800
21.95,-0.3,36600,"bu","13:32:51",14645700
21.95,-0.3,200,"bu","13:32:48",14609100
21.95,-0.3,800,"bu","13:32:46",14608900
21.95,-0.3,3400,"sd","13:32:41",14608100
21.95,-0.3,2100,"sd","13:32:39",14604700
21.95,-0.3,3400,"sd","13:32:38",14602600
21.95,-0.3,20000,"sd","13:32:37",14599200
21.95,-0.3,1200,"sd","13:32:29",14579200
21.95,-0.3,400,"sd","13:32:23",14578000
21.95,-0.3,5000,"sd","13:32:21",14577600
21.95,-0.3,10500,"sd","13:32:15",14572600
21.95,-0.3,6500,"sd","13:32:14",14562100
21.95,-0.3,5000,"sd","13:32:13",14555600
21.95,-0.3,2000,"sd","13:32:06",14550600
21.95,-0.3,3200,"sd","13:32:06",14548600
21.95,-0.3,2100,"sd","13:32:05",14545400
21.95,-0.3,1000,"sd","13:32:03",14543300
21.95,-0.3,6000,"sd","13:32:02",14542300
21.95,-0.3,5600,"sd","13:32:01",14536300
21.95,-0.3,5000,"sd","13:31:58",14530700
21.95,-0.3,700,"sd","13:31:57",14525700
21.95,-0.3,70000,"sd","13:31:55",14525000
21.95,-0.3,1000,"sd","13:31:55",14455000
21.95,-0.3,600,"sd","13:31:53",14454000
21.95,-0.3,89000,"sd","13:31:52",14453400
22,-0.25,1000,"bu","13:31:50",14364400
21.95,-0.3,9900,"sd","13:31:48",14363400
21.95,-0.3,49100,"sd","13:31:48",14353500
21.95,-0.3,100000,"sd","13:31:44",14304400
21.95,-0.3,1500,"sd","13:31:36",14204400
22,-0.25,100,"bu","13:31:34",14202900
22,-0.25,3400,"bu","13:31:32",14202800
22,-0.25,500,"bu","13:31:30",14199400
21.95,-0.3,2200,"sd","13:31:27",14198900
21.95,-0.3,200,"sd","13:31:20",14196700
21.95,-0.3,7000,"sd","13:31:16",14196500
21.95,-0.3,100,"sd","13:31:13",14189500
21.95,-0.3,20000,"sd","13:31:12",14189400
22,-0.25,300,"bu","13:31:07",14169400
22,-0.25,100,"bu","13:31:06",14169100
21.95,-0.3,11500,"sd","13:31:03",14169000
22,-0.25,200,"bu","13:30:51",14156500
21.95,-0.3,2200,"sd","13:30:50",14156300
22,-0.25,500,"bu","13:30:49",14154100
21.95,-0.3,700,"sd","13:30:49",14153600
22,-0.25,100,"bu","13:30:46",14152900
22,-0.25,3000,"bu","13:30:42",14152800
21.95,-0.3,2500,"sd","13:30:41",14149800
22,-0.25,100,"bu","13:30:41",14147300
22,-0.25,1000,"bu","13:30:36",14147200
22,-0.25,200,"bu","13:30:27",14146200
22,-0.25,200,"bu","13:30:26",14146000
21.95,-0.3,2000,"sd","13:30:19",14145800
22,-0.25,100,"bu","13:30:17",14143800
21.95,-0.3,2000,"sd","13:30:14",14143700
22,-0.25,2000,"bu","13:30:12",14141700
22,-0.25,800,"bu","13:30:11",14139700
22,-0.25,1500,"bu","13:30:10",14138900
22,-0.25,200,"bu","13:30:09",14137400
22,-0.25,1700,"bu","13:30:07",14137200
22,-0.25,100,"bu","13:30:06",14135500
22,-0.25,200,"bu","13:30:03",14135400
22,-0.25,5000,"bu","13:29:59",14135200
22,-0.25,200,"bu","13:29:58",14130200
22,-0.25,11000,"bu","13:29:55",14130000
22,-0.25,3500,"bu","13:29:54",14119000
22,-0.25,300,"bu","13:29:53",14115500
22,-0.25,2400,"sd","13:29:52",14115200
22,-0.25,5300,"sd","13:29:51",14112800
22,-0.25,1300,"sd","13:29:50",14107500
22,-0.25,14800,"sd","13:29:49",14106200
22,-0.25,6700,"sd","13:29:48",14091400
22,-0.25,1000,"sd","13:29:47",14084700
22,-0.25,500,"sd","13:29:46",14083700
22,-0.25,10000,"sd","13:29:43",14083200
22,-0.25,6600,"sd","13:29:41",14073200
22,-0.25,2200,"sd","13:29:39",14066600
22,-0.25,400,"sd","13:29:38",14064400
22,-0.25,10000,"sd","13:29:36",14064000
22,-0.25,1500,"sd","13:29:34",14054000
22,-0.25,500,"sd","13:29:32",14052500
22,-0.25,2000,"sd","13:29:30",14052000
22,-0.25,5000,"sd","13:29:28",14050000
22,-0.25,16500,"sd","13:29:26",14045000
22.05,-0.2,100,"bu","13:29:25",14028500
22,-0.25,500,"sd","13:29:20",14028400
22,-0.25,1000,"sd","13:29:19",14027900
22,-0.25,100,"sd","13:29:19",14026900
22.05,-0.2,3000,"bu","13:29:17",14026800
22.05,-0.2,1800,"bu","13:29:16",14023800
22,-0.25,400000,"sd","13:29:15",14022000
22,-0.25,5000,"sd","13:29:11",13622000
22,-0.25,2400,"sd","13:29:03",13617000
22.05,-0.2,100,"bu","13:29:01",13614600
22.05,-0.2,100,"bu","13:28:57",13614500
22.05,-0.2,400,"bu","13:28:55",13614400
22.05,-0.2,1000,"bu","13:28:49",13614000
22,-0.25,5000,"sd","13:28:48",13613000
22.05,-0.2,400,"bu","13:28:46",13608000
22,-0.25,5000,"sd","13:28:44",13607600
22,-0.25,5000,"sd","13:28:41",13602600
22.05,-0.2,100,"bu","13:28:39",13597600
22,-0.25,11200,"sd","13:28:33",13597500
22,-0.25,1000,"sd","13:28:31",13586300
22,-0.25,1000,"sd","13:28:29",13585300
22,-0.25,2700,"sd","13:28:23",13584300
22,-0.25,2600,"sd","13:28:20",13581600
22.05,-0.2,200,"bu","13:28:18",13579000
22.05,-0.2,600,"bu","13:28:18",13578800
22.05,-0.2,200,"bu","13:28:15",13578200
22.05,-0.2,100,"bu","13:28:13",13578000
22.05,-0.2,1000,"bu","13:28:11",13577900
22.05,-0.2,800,"bu","13:28:08",13576900
22.05,-0.2,2000,"bu","13:28:01",13576100
22,-0.25,1000,"sd","13:27:57",13574100
22.05,-0.2,200,"bu","13:27:46",13573100
22.05,-0.2,1000,"bu","13:27:39",13572900
22.05,-0.2,5000,"bu","13:27:38",13571900
22,-0.25,2400,"sd","13:27:38",13566900
22,-0.25,1500,"sd","13:27:21",13564500
22.05,-0.2,100,"bu","13:27:17",13563000
22.05,-0.2,100,"bu","13:27:16",13562900
22,-0.25,10000,"sd","13:27:15",13562800
22.05,-0.2,10100,"bu","13:27:12",13552800
22,-0.25,1000,"sd","13:27:06",13542700
22.05,-0.2,5000,"bu","13:27:04",13541700
22,-0.25,2200,"sd","13:26:57",13536700
22.05,-0.2,100,"bu","13:26:56",13534500
22.05,-0.2,900,"bu","13:26:54",13534400
22.05,-0.2,500,"bu","13:26:53",13533500
22.05,-0.2,5000,"bu","13:26:51",13533000
22.05,-0.2,2000,"bu","13:26:44",13528000
22.05,-0.2,2000,"bu","13:26:39",13526000
22.05,-0.2,1000,"bu","13:26:37",13524000
22.05,-0.2,1000,"bu","13:26:36",13523000
22.05,-0.2,2000,"bu","13:26:34",13522000
22.05,-0.2,200,"bu","13:26:33",13520000
22.05,-0.2,10000,"bu","13:26:33",13519800
22.05,-0.2,5000,"bu","13:26:31",13509800
22.05,-0.2,3000,"bu","13:26:28",13504800
22.05,-0.2,200,"bu","13:26:26",13501800
22,-0.25,2700,"sd","13:26:20",13501600
22.05,-0.2,17000,"sd","13:26:14",13498900
22.05,-0.2,5000,"sd","13:26:10",13481900
22.05,-0.2,600,"sd","13:26:08",13476900
22.05,-0.2,4000,"sd","13:26:05",13476300
22.05,-0.2,5200,"sd","13:26:01",13472300
22.05,-0.2,7000,"bu","13:25:52",13467100
22.05,-0.2,5000,"bu","13:25:51",13460100
22,-0.25,21000,"sd","13:25:49",13455100
22.05,-0.2,1500,"bu","13:25:47",13434100
22,-0.25,100,"sd","13:25:47",13432600
22.05,-0.2,100,"bu","13:25:46",13432500
22.05,-0.2,800,"bu","13:25:42",13432400
22,-0.25,3000,"sd","13:25:42",13431600
22.05,-0.2,100,"bu","13:25:37",13428600
22,-0.25,2500,"sd","13:25:34",13428500
22.05,-0.2,500,"bu","13:25:34",13426000
22.05,-0.2,500,"bu","13:25:34",13425500
22.05,-0.2,5200,"bu","13:25:33",13425000
22.05,-0.2,400,"bu","13:25:32",13419800
22.05,-0.2,1500,"bu","13:25:31",13419400
22.05,-0.2,1500,"bu","13:25:30",13417900
22.05,-0.2,1300,"bu","13:25:29",13416400
22.05,-0.2,300,"bu","13:25:28",13415100
22.05,-0.2,2000,"bu","13:25:26",13414800
22.05,-0.2,9100,"bu","13:25:25",13412800
22.05,-0.2,1000,"bu","13:25:23",13403700
22.05,-0.2,5000,"bu","13:25:21",13402700
22.05,-0.2,800,"bu","13:25:20",13397700
22.05,-0.2,3200,"bu","13:25:19",13396900
22.05,-0.2,5000,"bu","13:25:19",13393700
22,-0.25,400,"sd","13:25:19",13388700
22.05,-0.2,100,"bu","13:25:18",13388300
22.05,-0.2,10300,"bu","13:25:18",13388200
22.05,-0.2,200,"bu","13:25:16",13377900
22.05,-0.2,1600,"bu","13:25:15",13377700
22.05,-0.2,2000,"bu","13:25:14",13376100
22.05,-0.2,2000,"bu","13:25:14",13374100
22.05,-0.2,200,"bu","13:25:13",13372100
22.05,-0.2,4200,"bu","13:25:12",13371900
22.05,-0.2,200,"bu","13:25:11",13367700
22.05,-0.2,800,"bu","13:25:09",13367500
22.05,-0.2,1000,"bu","13:25:09",13366700
22.05,-0.2,2000,"bu","13:25:08",13365700
22.05,-0.2,200,"bu","13:25:07",13363700
22.05,-0.2,52000,"bu","13:25:06",13363500
22.05,-0.2,900,"bu","13:25:05",13311500
22.05,-0.2,1500,"bu","13:25:04",13310600
22.05,-0.2,2600,"bu","13:25:01",13308300
22.05,-0.2,1000,"bu","13:24:56",13305700
22.05,-0.2,800,"bu","13:24:54",13304700
22,-0.25,3100,"sd","13:24:54",13303900
22.05,-0.2,5000,"bu","13:24:52",13300800
22.05,-0.2,200,"bu","13:24:51",13295800
22.05,-0.2,500,"bu","13:24:50",13295600
22.05,-0.2,5000,"bu","13:24:49",13295100
22.05,-0.2,5000,"bu","13:24:48",13290100
22.05,-0.2,90000,"bu","13:24:47",13285100
22.05,-0.2,800,"bu","13:24:43",13195100
22.05,-0.2,600,"bu","13:24:39",13194300
22,-0.25,3500,"sd","13:24:38",13193700
22.05,-0.2,1100,"bu","13:24:37",13190200
22.05,-0.2,1600,"bu","13:24:32",13189100
22,-0.25,500,"sd","13:24:30",13187500
22.05,-0.2,100,"bu","13:24:29",13187000
22.05,-0.2,100,"bu","13:24:28",13186900
22,-0.25,1000,"sd","13:24:28",13186800
22.05,-0.2,200,"bu","13:24:13",13185800
22,-0.25,50000,"sd","13:24:13",13185600
22.05,-0.2,2000,"bu","13:24:10",13135600
22.05,-0.2,100,"bu","13:24:04",13133600
22,-0.25,800,"sd","13:24:04",13133500
22,-0.25,2500,"sd","13:24:01",13132700
22.05,-0.2,300,"bu","13:24:00",13130200
22.05,-0.2,100,"bu","13:23:56",13129900
22.05,-0.2,200,"bu","13:23:55",13129800
22.05,-0.2,3000,"bu","13:23:53",13129600
22.05,-0.2,100,"bu","13:23:52",13126600
22.05,-0.2,400,"bu","13:23:51",13126500
22.05,-0.2,100,"bu","13:23:50",13126100
22.05,-0.2,7000,"bu","13:23:37",13126000
22.05,-0.2,500,"bu","13:23:31",13119000
22.05,-0.2,100,"bu","13:23:31",13118500
22,-0.25,1000,"sd","13:23:28",13118400
22.05,-0.2,500,"bu","13:23:19",13117400
22,-0.25,2700,"sd","13:23:18",13116900
22,-0.25,5000,"sd","13:23:10",13114200
22,-0.25,1200,"sd","13:23:08",13109200
22.05,-0.2,1000,"bu","13:23:07",13108000
22.05,-0.2,600,"bu","13:23:06",13107000
22.05,-0.2,500,"bu","13:23:05",13106400
22.05,-0.2,1000,"bu","13:23:04",13105900
22.05,-0.2,1900,"bu","13:23:02",13104900
22.05,-0.2,400,"bu","13:23:01",13103000
22.05,-0.2,1800,"bu","13:23:00",13102600
22.05,-0.2,1000,"bu","13:22:59",13100800
22.05,-0.2,400,"bu","13:22:53",13099800
22.05,-0.2,200,"bu","13:22:51",13099400
22.05,-0.2,5000,"bu","13:22:46",13099200
22,-0.25,1000,"sd","13:22:45",13094200
22.05,-0.2,5000,"bu","13:22:43",13093200
22,-0.25,5000,"sd","13:22:42",13088200
22.05,-0.2,2300,"bu","13:22:42",13083200
22.05,-0.2,100,"bu","13:22:37",13080900
22.05,-0.2,5500,"bu","13:22:36",13080800
22,-0.25,2100,"sd","13:22:35",13075300
22.05,-0.2,200,"bu","13:22:35",13073200
22.05,-0.2,10000,"bu","13:22:28",13073000
22.05,-0.2,1000,"bu","13:22:28",13063000
22.05,-0.2,100,"bu","13:22:27",13062000
22.05,-0.2,500,"bu","13:22:26",13061900
22.05,-0.2,1000,"bu","13:22:25",13061400
22.05,-0.2,500,"bu","13:22:18",13060400
22.05,-0.2,100,"bu","13:22:11",13059900
22,-0.25,500,"sd","13:22:06",13059800
22,-0.25,2400,"sd","13:21:59",13059300
22,-0.25,6900,"sd","13:21:58",13056900
22.05,-0.2,1100,"bu","13:21:58",13050000
22,-0.25,10000,"sd","13:21:54",13048900
22.05,-0.2,500,"bu","13:21:53",13038900
22.05,-0.2,100,"bu","13:21:51",13038400
22,-0.25,500,"sd","13:21:51",13038300
22,-0.25,1000,"sd","13:21:44",13037800
22.05,-0.2,1000,"bu","13:21:39",13036800
22.05,-0.2,1000,"bu","13:21:38",13035800
22.05,-0.2,100,"bu","13:21:37",13034800
22.05,-0.2,500,"bu","13:21:36",13034700
22.05,-0.2,500,"bu","13:21:22",13034200
22,-0.25,2300,"sd","13:21:19",13033700
22.05,-0.2,100,"bu","13:21:18",13031400
22.05,-0.2,100,"bu","13:21:11",13031300
22,-0.25,100,"sd","13:21:09",13031200
22,-0.25,100,"sd","13:21:07",13031100
22,-0.25,900,"sd","13:20:55",13031000
22.05,-0.2,100,"bu","13:20:54",13030100
22,-0.25,1700,"sd","13:20:51",13030000
22,-0.25,1000,"sd","13:20:49",13028300
22,-0.25,3400,"sd","13:20:40",13027300
22,-0.25,19000,"sd","13:20:37",13023900
22,-0.25,20000,"sd","13:20:32",13004900
22,-0.25,800,"sd","13:20:07",12984900
22,-0.25,5600,"sd","13:20:00",12984100
22,-0.25,3000,"sd","13:19:56",12978500
22,-0.25,2500,"sd","13:19:55",12975500
22.05,-0.2,1000,"bu","13:19:55",12973000
22,-0.25,500,"bu","13:19:35",12972000
22,-0.25,9700,"bu","13:19:33",12971500
22,-0.25,10200,"bu","13:19:32",12961800
22,-0.25,300,"bu","13:19:31",12951600
22,-0.25,16700,"bu","13:19:30",12951300
22,-0.25,4000,"bu","13:19:30",12934600
22,-0.25,400,"bu","13:19:27",12930600
22,-0.25,4000,"bu","13:19:26",12930200
22,-0.25,2000,"bu","13:19:25",12926200
22,-0.25,5000,"bu","13:19:24",12924200
22,-0.25,1200,"bu","13:19:23",12919200
22,-0.25,2000,"bu","13:19:22",12918000
22,-0.25,11300,"bu","13:19:21",12916000
22,-0.25,200000,"bu","13:19:19",12904700
22,-0.25,500,"bu","13:19:18",12704700
21.95,-0.3,2900,"sd","13:19:17",12704200
21.95,-0.3,100,"sd","13:19:14",12701300
22,-0.25,100,"bu","13:19:14",12701200
22,-0.25,1300,"bu","13:19:12",12701100
22,-0.25,9900,"bu","13:19:07",12699800
22,-0.25,1000,"bu","13:19:05",12689900
21.95,-0.3,5000,"sd","13:18:58",12688900
21.95,-0.3,1000,"sd","13:18:48",12683900
22,-0.25,1000,"bu","13:18:44",12682900
21.95,-0.3,2700,"sd","13:18:35",12681900
22,-0.25,1000,"bu","13:18:34",12679200
22,-0.25,100,"bu","13:18:32",12678200
22,-0.25,2100,"bu","13:18:30",12678100
22,-0.25,500,"bu","13:18:29",12676000
22,-0.25,100,"bu","13:18:28",12675500
21.95,-0.3,2500,"sd","13:18:25",12675400
22,-0.25,500,"bu","13:18:24",12672900
22,-0.25,5900,"bu","13:18:21",12672400
22,-0.25,1000,"bu","13:18:12",12666500
22,-0.25,500,"bu","13:18:08",12665500
22,-0.25,100,"bu","13:17:59",12665000
21.95,-0.3,100,"sd","13:17:55",12664900
22,-0.25,1000,"bu","13:17:51",12664800
22,-0.25,100,"bu","13:17:49",12663800
21.95,-0.3,2000,"sd","13:17:48",12663700
22,-0.25,1100,"bu","13:17:47",12661700
21.95,-0.3,2200,"sd","13:17:44",12660600
22,-0.25,3000,"bu","13:17:40",12658400
21.95,-0.3,2000,"sd","13:17:38",12655400
21.95,-0.3,100,"sd","13:17:35",12653400
21.95,-0.3,200,"sd","13:17:29",12653300
21.95,-0.3,29600,"sd","13:17:24",12653100
21.95,-0.3,23100,"sd","13:17:24",12623500
21.95,-0.3,7300,"sd","13:17:23",12600400
21.95,-0.3,3000,"sd","13:17:23",12593100
21.95,-0.3,100,"sd","13:17:22",12590100
21.95,-0.3,500,"sd","13:17:20",12590000
22,-0.25,2000,"bu","13:17:19",12589500
21.95,-0.3,1900,"sd","13:17:16",12587500
21.95,-0.3,200,"sd","13:17:08",12585600
21.95,-0.3,5000,"sd","13:17:06",12585400
21.95,-0.3,2300,"sd","13:17:03",12580400
21.95,-0.3,500,"sd","13:16:57",12578100
21.95,-0.3,11200,"bu","13:16:52",12577600
21.95,-0.3,100000,"bu","13:16:51",12566400
21.9,-0.35,200,"sd","13:16:51",12466400
21.95,-0.3,500,"bu","13:16:50",12466200
21.95,-0.3,100,"bu","13:16:49",12465700
21.9,-0.35,1000,"sd","13:16:46",12465600
21.95,-0.3,100,"bu","13:16:44",12464600
21.95,-0.3,4000,"bu","13:16:43",12464500
21.95,-0.3,1000,"bu","13:16:42",12460500
21.95,-0.3,900,"bu","13:16:41",12459500
21.95,-0.3,100,"bu","13:16:41",12458600
21.95,-0.3,1000,"bu","13:16:39",12458500
21.95,-0.3,50000,"bu","13:16:36",12457500
21.9,-0.35,3000,"sd","13:16:34",12407500
21.95,-0.3,2000,"bu","13:16:33",12404500
21.9,-0.35,2400,"sd","13:16:27",12402500
21.95,-0.3,4200,"bu","13:16:26",12400100
21.95,-0.3,500,"bu","13:16:18",12395900
21.9,-0.35,1900,"sd","13:16:17",12395400
21.9,-0.35,200,"sd","13:16:13",12393500
21.95,-0.3,7000,"bu","13:16:10",12393300
21.95,-0.3,3000,"bu","13:16:09",12386300
21.95,-0.3,100,"bu","13:16:08",12383300
21.95,-0.3,100,"bu","13:16:07",12383200
21.95,-0.3,100,"bu","13:16:06",12383100
21.95,-0.3,500,"bu","13:16:03",12383000
21.9,-0.35,300,"sd","13:16:03",12382500
21.95,-0.3,3600,"bu","13:16:02",12382200
21.95,-0.3,100,"bu","13:16:01",12378600
21.95,-0.3,300,"bu","13:16:00",12378500
21.95,-0.3,2000,"bu","13:15:54",12378200
21.95,-0.3,100,"bu","13:15:51",12376200
21.95,-0.3,3000,"bu","13:15:50",12376100
21.95,-0.3,900,"bu","13:15:49",12373100
21.95,-0.3,500,"bu","13:15:45",12372200
21.95,-0.3,1000,"bu","13:15:45",12371700
21.9,-0.35,2000,"sd","13:15:45",12370700
21.95,-0.3,3100,"bu","13:15:44",12368700
21.95,-0.3,1000,"bu","13:15:40",12365600
21.95,-0.3,100,"bu","13:15:36",12364600
21.95,-0.3,2000,"bu","13:15:35",12364500
21.9,-0.35,100,"sd","13:15:34",12362500
21.95,-0.3,2000,"bu","13:15:33",12362400
21.95,-0.3,2500,"bu","13:15:33",12360400
21.95,-0.3,7500,"bu","13:15:32",12357900
21.95,-0.3,300,"bu","13:15:31",12350400
21.95,-0.3,100,"bu","13:15:29",12350100
21.9,-0.35,1000,"sd","13:15:27",12350000
21.95,-0.3,500,"bu","13:15:25",12349000
21.95,-0.3,100,"bu","13:15:23",12348500
21.95,-0.3,800,"bu","13:15:19",12348400
21.9,-0.35,1000,"sd","13:15:19",12347600
21.95,-0.3,100,"bu","13:15:17",12346600
21.95,-0.3,600,"bu","13:15:16",12346500
21.95,-0.3,200,"bu","13:15:13",12345900
21.9,-0.35,2500,"sd","13:15:11",12345700
21.95,-0.3,200,"bu","13:15:11",12343200
21.95,-0.3,2000,"bu","13:15:07",12343000
21.95,-0.3,500,"bu","13:15:05",12341000
21.95,-0.3,3500,"bu","13:15:04",12340500
21.95,-0.3,100,"bu","13:15:03",12337000
21.95,-0.3,5100,"bu","13:15:01",12336900
21.95,-0.3,500,"bu","13:14:58",12331800
21.9,-0.35,200,"sd","13:14:57",12331300
21.95,-0.3,500,"bu","13:14:55",12331100
21.95,-0.3,600,"bu","13:14:52",12330600
21.95,-0.3,162300,"sd","13:14:48",12330000
21.95,-0.3,3800,"sd","13:14:45",12167700
21.95,-0.3,50000,"sd","13:14:43",12163900
21.95,-0.3,10000,"sd","13:14:41",12113900
21.95,-0.3,900,"sd","13:14:36",12103900
21.95,-0.3,1000,"sd","13:14:33",12103000
21.95,-0.3,1000,"sd","13:14:32",12102000
21.95,-0.3,2100,"sd","13:14:31",12101000
21.95,-0.3,5000,"sd","13:14:30",12098900
21.95,-0.3,10000,"sd","13:14:28",12093900
21.95,-0.3,1400,"sd","13:14:26",12083900
21.95,-0.3,10300,"sd","13:14:25",12082500
21.95,-0.3,1500,"sd","13:14:23",12072200
21.95,-0.3,2500,"sd","13:14:17",12070700
22,-0.25,3200,"bu","13:14:15",12068200
21.95,-0.3,10000,"sd","13:14:14",12056100
22,-0.25,400,"bu","13:14:13",12046100
22,-0.25,500,"bu","13:14:11",12045700
21.95,-0.3,5000,"sd","13:14:09",12045200
21.95,-0.3,500,"sd","13:14:06",12040200
21.95,-0.3,800,"sd","13:13:57",12039700
21.95,-0.3,3700,"sd","13:13:53",12038900
22,-0.25,500,"bu","13:13:52",12035200
21.95,-0.3,200,"sd","13:13:52",12034700
22,-0.25,100,"bu","13:13:50",12034500
21.95,-0.3,36000,"sd","13:13:50",12034400
21.95,-0.3,500,"sd","13:13:35",11998400
22,-0.25,500,"bu","13:13:34",11997900
21.95,-0.3,100,"sd","13:13:29",11997400
22,-0.25,500,"bu","13:13:28",11997300
21.95,-0.3,1200,"sd","13:13:25",11996800
21.95,-0.3,2000,"sd","13:13:24",11995600
22,-0.25,100,"bu","13:13:19",11993600
21.95,-0.3,100000,"sd","13:13:18",11993500
22,-0.25,300,"bu","13:13:16",11893500
21.95,-0.3,1000,"sd","13:13:14",11893200
22,-0.25,1000,"bu","13:13:12",11892200
21.95,-0.3,2200,"sd","13:13:12",11891200
22,-0.25,500,"bu","13:13:11",11889000
22,-0.25,100,"bu","13:13:10",11888500
22,-0.25,200,"bu","13:13:09",11888400
22,-0.25,5000,"bu","13:13:05",11888200
22,-0.25,600,"bu","13:13:05",11883200
22,-0.25,13100,"bu","13:13:04",11882600
22,-0.25,500,"bu","13:12:57",11869500
22,-0.25,500,"bu","13:12:43",11869000
22,-0.25,1000,"bu","13:12:41",11868500
22,-0.25,100,"bu","13:12:40",11867500
22,-0.25,100,"bu","13:12:37",11867400
22,-0.25,100,"bu","13:12:36",11867300
22,-0.25,5000,"bu","13:12:35",11867200
21.95,-0.3,2000,"sd","13:12:32",11862200
21.95,-0.3,2000,"sd","13:12:31",11860200
22,-0.25,500,"bu","13:12:30",11858200
22,-0.25,1000,"bu","13:12:20",11857700
21.95,-0.3,1000,"sd","13:12:18",11856700
22,-0.25,100,"bu","13:12:18",11855700
22,-0.25,500,"bu","13:12:14",11855600
22,-0.25,400,"bu","13:12:10",11855100
22,-0.25,6000,"bu","13:12:05",11854700
22,-0.25,4000,"bu","13:12:00",11848700
21.95,-0.3,2100,"sd","13:11:57",11844700
22,-0.25,1000,"bu","13:11:56",11842600
21.95,-0.3,5000,"sd","13:11:55",11841600
21.95,-0.3,2000,"sd","13:11:54",11836600
22,-0.25,500,"bu","13:11:50",11834600
22,-0.25,100,"bu","13:11:45",11834100
22,-0.25,1000,"bu","13:11:44",11834000
22,-0.25,200,"bu","13:11:44",11833000
22,-0.25,500,"bu","13:11:39",11832800
22,-0.25,2000,"bu","13:11:37",11832300
22,-0.25,24700,"sd","13:11:35",11830300
22,-0.25,10000,"sd","13:11:34",11805600
22,-0.25,2600,"sd","13:11:30",11795600
22,-0.25,10500,"sd","13:11:30",11793000
22,-0.25,200,"sd","13:11:29",11782500
22,-0.25,13000,"sd","13:11:25",11779300
22,-0.25,2000,"sd","13:11:25",11766300
22,-0.25,47400,"sd","13:11:24",11764300
22,-0.25,3100,"sd","13:11:24",11716900
22,-0.25,10600,"sd","13:11:23",11713800
22,-0.25,50000,"sd","13:11:22",11703200
22,-0.25,2100,"sd","13:11:22",11653200
22,-0.25,5000,"sd","13:11:21",11651100
22,-0.25,300,"sd","13:11:18",11646100
22,-0.25,14600,"sd","13:11:16",11645800
22,-0.25,25400,"sd","13:11:16",11631200
22,-0.25,120000,"sd","13:11:14",11605800
22,-0.25,500,"sd","13:11:12",11485800
22,-0.25,2500,"sd","13:11:10",11485300
22.05,-0.2,10000,"bu","13:11:06",11482800
22,-0.25,4000,"sd","13:11:06",11472800
22,-0.25,1000,"sd","13:11:04",11468800
22,-0.25,2000,"sd","13:10:50",11467800
22,-0.25,5400,"sd","13:10:47",11465800
22.05,-0.2,300,"bu","13:10:41",11460400
22.05,-0.2,300,"bu","13:10:39",11460100
22.05,-0.2,200,"bu","13:10:32",11459800
22.05,-0.2,100,"bu","13:10:30",11459600
22.05,-0.2,3000,"bu","13:10:25",11459500
22,-0.25,10000,"sd","13:10:25",11456500
22.05,-0.2,1000,"bu","13:10:10",11446500
22,-0.25,2300,"sd","13:09:56",11445500
22,-0.25,100,"sd","13:09:56",11443200
22,-0.25,2000,"sd","13:09:51",11443100
22,-0.25,500,"sd","13:09:49",11441100
22,-0.25,1000,"sd","13:09:46",11440600
22,-0.25,1500,"sd","13:09:38",11439600
22,-0.25,3000,"sd","13:09:36",11438100
22,-0.25,200,"sd","13:09:35",11435100
22,-0.25,4100,"sd","13:09:34",11434900
22,-0.25,2000,"sd","13:09:31",11430800
22,-0.25,2200,"sd","13:09:18",11428800
22,-0.25,100,"sd","13:09:12",11426600
22.05,-0.2,400,"bu","13:09:12",11426500
22,-0.25,1000,"sd","13:09:08",11426100
22,-0.25,2000,"sd","13:09:03",11425100
22,-0.25,100,"sd","13:09:00",11423100
22,-0.25,2000,"sd","13:08:37",11423000
22,-0.25,600,"sd","13:08:16",11421000
22.05,-0.2,1000,"bu","13:08:13",11420400
22.05,-0.2,1000,"bu","13:08:08",11419400
22,-0.25,2100,"sd","13:08:05",11418400
22.05,-0.2,2200,"bu","13:07:55",11416300
22.05,-0.2,500,"bu","13:07:38",11414100
22,-0.25,2100,"sd","13:07:29",11413600
22,-0.25,200,"sd","13:07:28",11411500
22,-0.25,500,"sd","13:07:25",11411300
22.05,-0.2,400,"bu","13:07:24",11410800
22,-0.25,200,"sd","13:07:18",11410400
22.05,-0.2,1000,"bu","13:07:16",11410200
22,-0.25,1000,"sd","13:07:10",11409200
22,-0.25,2000,"sd","13:07:09",11408200
22,-0.25,600,"sd","13:07:08",11406200
22.05,-0.2,500,"bu","13:07:08",11405600
22,-0.25,300,"sd","13:07:07",11405100
22,-0.25,1600,"sd","13:07:07",11404800
22.05,-0.2,1000,"bu","13:07:07",11403200
22,-0.25,3000,"sd","13:07:04",11402200
22,-0.25,200,"sd","13:06:56",11399200
22,-0.25,2000,"sd","13:06:53",11399000
22.05,-0.2,300,"sd","13:06:43",11397000
22.05,-0.2,200,"sd","13:06:42",11396700
22.05,-0.2,1000,"sd","13:06:41",11396500
22.1,-0.15,100,"bu","13:06:40",11395500
22.05,-0.2,500,"sd","13:06:39",11395400
22.05,-0.2,200,"sd","13:06:39",11394900
22.05,-0.2,1000,"sd","13:06:35",11394700
22.05,-0.2,26900,"bu","13:06:33",11393700
22.05,-0.2,100,"bu","13:06:29",11366800
22.05,-0.2,100,"bu","13:06:25",11366700
22,-0.25,200,"sd","13:06:24",11366600
22.05,-0.2,200,"bu","13:06:22",11366400
22,-0.25,1900,"sd","13:06:20",11366200
22.05,-0.2,500,"bu","13:06:19",11364300
22,-0.25,42400,"sd","13:06:19",11363800
22.05,-0.2,200,"bu","13:06:18",11321400
22.05,-0.2,600,"bu","13:06:16",11321200
22.05,-0.2,2300,"sd","13:06:14",11320600
22.05,-0.2,3500,"sd","13:06:09",11318300
22,-0.25,5100,"sd","13:06:00",11314800
22.05,-0.2,14900,"sd","13:06:00",11309700
22.05,-0.2,400,"sd","13:05:58",11294800
22.05,-0.2,4000,"sd","13:05:52",11294400
22.05,-0.2,1800,"sd","13:05:49",11290400
22.05,-0.2,2400,"sd","13:05:48",11288600
22.05,-0.2,5000,"sd","13:05:47",11286200
22.05,-0.2,32700,"bu","13:05:46",11281200
22,-0.25,8200,"sd","13:05:46",11248500
22,-0.25,1800,"sd","13:05:45",11240300
22.05,-0.2,10000,"bu","13:05:43",11238500
22,-0.25,2000,"sd","13:05:40",11228500
22.05,-0.2,100,"bu","13:05:39",11226500
22.05,-0.2,50000,"bu","13:05:30",11226400
22.05,-0.2,500,"bu","13:05:26",11176400
22.05,-0.2,200,"bu","13:05:18",11175900
22.05,-0.2,100,"bu","13:05:15",11175700
22.05,-0.2,200,"bu","13:05:12",11175600
22.05,-0.2,100,"bu","13:05:09",11175400
22,-0.25,2000,"sd","13:05:08",11175300
22.05,-0.2,500,"bu","13:05:02",11173300
22.05,-0.2,1000,"bu","13:04:58",11172800
22.05,-0.2,5700,"sd","13:04:57",11171800
22.05,-0.2,1300,"bu","13:04:52",11166100
22.05,-0.2,10000,"bu","13:04:47",11164800
22.05,-0.2,1000,"bu","13:04:44",11154800
22.05,-0.2,1000,"bu","13:04:43",11153800
22.05,-0.2,1000,"bu","13:04:39",11152800
22,-0.25,2000,"sd","13:04:35",11151800
22.05,-0.2,41200,"sd","13:04:25",11149800
22.05,-0.2,8800,"bu","13:04:25",11108600
22,-0.25,1300,"sd","13:04:25",11099800
22.05,-0.2,400,"bu","13:04:12",11098500
22.05,-0.2,3400,"sd","13:04:09",11098100
22.05,-0.2,3400,"sd","13:04:06",11094700
22.05,-0.2,19600,"sd","13:04:05",11091300
22.05,-0.2,500,"sd","13:04:03",11071700
22.05,-0.2,8400,"sd","13:04:01",11071200
22.05,-0.2,4900,"sd","13:03:59",11062800
22.05,-0.2,1700,"sd","13:03:56",11057900
22.05,-0.2,3400,"sd","13:03:52",11056200
22.1,-0.15,1000,"bu","13:03:50",11052800
22.05,-0.2,10000,"sd","13:03:49",11051800
22.05,-0.2,2000,"sd","13:03:48",11041800
22.05,-0.2,20000,"sd","13:03:47",11039800
22.05,-0.2,9100,"sd","13:03:43",11019800
22.05,-0.2,1000,"sd","13:03:41",11010700
22.05,-0.2,5500,"sd","13:03:38",11009700
22.05,-0.2,100,"sd","13:03:36",11004200
22.05,-0.2,100,"sd","13:03:21",11004100
22.05,-0.2,3500,"sd","13:03:19",11004000
22.05,-0.2,500,"sd","13:03:14",11000500
22.05,-0.2,300,"sd","13:03:03",11000000
22.05,-0.2,10000,"sd","13:02:57",10999700
22.05,-0.2,6000,"sd","13:02:48",10989700
22.05,-0.2,1000,"sd","13:02:44",10983700
22.05,-0.2,1700,"sd","13:02:33",10982700
22.05,-0.2,1000,"sd","13:02:32",10981000
22.05,-0.2,1500,"sd","13:02:25",10980000
22.05,-0.2,4000,"sd","13:02:12",10978500
22.05,-0.2,14500,"sd","13:02:09",10974500
22.05,-0.2,6000,"sd","13:02:05",10960000
22.05,-0.2,1400,"sd","13:02:01",10954000
22.05,-0.2,1600,"sd","13:01:55",10952600
22.05,-0.2,1000,"sd","13:01:53",10951000
22.05,-0.2,500,"sd","13:01:52",10950000
22.05,-0.2,8800,"bu","13:01:50",10949500
22.05,-0.2,3200,"sd","13:01:44",10940700
22.05,-0.2,5000,"sd","13:01:41",10937500
22.05,-0.2,600,"sd","13:01:40",10932500
22.05,-0.2,5000,"sd","13:01:37",10931900
22.05,-0.2,600,"sd","13:01:35",10926900
22.05,-0.2,200,"sd","13:01:27",10926300
22.05,-0.2,5000,"sd","13:01:27",10926100
22.05,-0.2,1200,"sd","13:01:26",10921100
22.05,-0.2,181700,"bu","13:01:18",10919900
22,-0.25,5000,"sd","13:01:16",10738200
22,-0.25,900,"sd","13:01:15",10733200
22,-0.25,2000,"sd","13:01:14",10732300
22.05,-0.2,5000,"bu","13:01:11",10730300
22,-0.25,300,"sd","13:01:05",10725300
22.05,-0.2,200,"bu","13:01:00",10725000
22.05,-0.2,100,"bu","13:00:44",10724800
22,-0.25,2000,"sd","13:00:37",10724700
22.05,-0.2,1000,"bu","13:00:35",10722700
22,-0.25,8300,"sd","13:00:28",10721700
22.05,-0.2,7300,"bu","13:00:27",10713400
22.05,-0.2,1000,"bu","13:00:26",10706100
22.05,-0.2,600,"bu","13:00:26",10705100
22.05,-0.2,100,"bu","13:00:25",10704500
22.05,-0.2,100,"bu","13:00:22",10704400
22.05,-0.2,3000,"bu","13:00:20",10704300
22.05,-0.2,400,"bu","13:00:19",10701300
22,-0.25,300,"sd","13:00:19",10700900
22.05,-0.2,500,"bu","13:00:19",10700600
22.05,-0.2,100,"bu","13:00:19",10700100
22.05,-0.2,800,"bu","13:00:17",10700000
22,-0.25,3600,"sd","13:00:15",10699200
22.05,-0.2,1300,"bu","13:00:15",10695600
22,-0.25,200,"sd","13:00:14",10694300
22.05,-0.2,100,"bu","13:00:14",10694100
22.05,-0.2,4500,"bu","13:00:11",10694000
22.05,-0.2,8000,"bu","13:00:10",10689500
22.05,-0.2,5000,"bu","13:00:10",10681500
22.05,-0.2,200,"bu","13:00:09",10676500
22.05,-0.2,8000,"bu","13:00:06",10676300
22.05,-0.2,500,"bu","13:00:06",10668300
22.05,-0.2,700,"bu","13:00:05",10667800
22.05,-0.2,400,"bu","13:00:05",10667100
22,-0.25,100,"sd","13:00:04",10666700
22.05,-0.2,3000,"bu","13:00:03",10666600
22.05,-0.2,1000,"bu","13:00:03",10663600
22.05,-0.2,1100,"bu","13:00:02",10662600
22,-0.25,1000,"sd","13:00:02",10661500
22.05,-0.2,5400,"bu","13:00:02",10660500
22.05,-0.2,4100,"bu","13:00:01",10655100
22,-0.25,11200,"sd","13:00:01",10651000
22.05,-0.2,5700,"bu","13:00:01",10639800
22.05,-0.2,100,"bu","11:29:57",10634100
22.05,-0.2,600,"bu","11:29:52",10634000
22.05,-0.2,100,"bu","11:29:45",10633400
22.05,-0.2,45200,"bu","11:29:38",10633300
22.05,-0.2,100,"bu","11:29:32",10588100
22.05,-0.2,500,"bu","11:29:31",10588000
22.05,-0.2,200,"bu","11:29:28",10587500
22,-0.25,400,"sd","11:29:06",10587300
22.05,-0.2,1000,"bu","11:29:03",10586900
22.05,-0.2,5000,"bu","11:28:59",10585900
22.05,-0.2,500,"bu","11:28:58",10580900
22.05,-0.2,2000,"bu","11:28:50",10580400
22,-0.25,600,"sd","11:28:49",10578400
22.05,-0.2,1100,"bu","11:28:46",10577800
22.05,-0.2,500,"bu","11:28:33",10576700
22.05,-0.2,1000,"bu","11:28:25",10576200
22.05,-0.2,5000,"bu","11:28:21",10575200
22.05,-0.2,100,"bu","11:28:18",10570200
22.05,-0.2,500,"bu","11:28:07",10570100
22.05,-0.2,500,"bu","11:28:02",10569600
22.05,-0.2,3000,"bu","11:27:56",10569100
22.05,-0.2,2600,"sd","11:27:41",10566100
22.05,-0.2,900,"sd","11:27:38",10563500
22.05,-0.2,800,"sd","11:27:36",10562600
22.05,-0.2,100,"sd","11:27:32",10561800
22.05,-0.2,500,"bu","11:27:19",10561700
22.05,-0.2,30000,"sd","11:27:18",10561200
22.05,-0.2,1100,"sd","11:27:14",10531200
22.05,-0.2,2000,"sd","11:27:07",10530100
22.05,-0.2,700,"sd","11:26:59",10528100
22.05,-0.2,5000,"sd","11:26:56",10527400
22.05,-0.2,5000,"sd","11:26:54",10522400
22.05,-0.2,10000,"sd","11:26:47",10517400
22.05,-0.2,400,"sd","11:26:31",10507400
22.05,-0.2,700,"sd","11:26:25",10507000
22.05,-0.2,1000,"sd","11:26:22",10506300
22.05,-0.2,9000,"sd","11:26:21",10505300
22.05,-0.2,1000,"sd","11:26:07",10496300
22.05,-0.2,10000,"sd","11:25:51",10495300
22.05,-0.2,800,"sd","11:25:50",10485300
22.05,-0.2,1500,"sd","11:25:49",10484500
22.05,-0.2,500,"sd","11:25:30",10483000
22.1,-0.15,100,"bu","11:25:26",10482500
22.05,-0.2,600,"sd","11:25:11",10482400
22.1,-0.15,100,"bu","11:25:03",10481800
22.05,-0.2,6000,"sd","11:24:50",10481700
22.1,-0.15,100,"bu","11:24:47",10475700
22.05,-0.2,700,"sd","11:24:38",10475600
22.05,-0.2,1500,"bu","11:24:32",10474900
22.05,-0.2,1000,"bu","11:24:31",10473400
22.05,-0.2,3500,"sd","11:24:27",10472400
22.1,-0.15,100,"bu","11:24:19",10468900
22.05,-0.2,30000,"sd","11:24:16",10468800
22.1,-0.15,2000,"bu","11:24:10",10438800
22.05,-0.2,700,"sd","11:24:03",10436800
22.1,-0.15,300,"bu","11:24:03",10436100
22.1,-0.15,24300,"bu","11:24:03",10435800
22.05,-0.2,10000,"sd","11:24:02",10411500
22.05,-0.2,100,"sd","11:23:50",10401500
22.05,-0.2,1000,"sd","11:23:49",10401400
22.05,-0.2,20000,"sd","11:23:45",10400400
22.05,-0.2,500,"sd","11:23:42",10380400
22.05,-0.2,700,"sd","11:23:30",10379900
22.05,-0.2,300,"sd","11:23:24",10379200
22.05,-0.2,1600,"sd","11:23:23",10378900
22.05,-0.2,2000,"sd","11:23:10",10377300
22.05,-0.2,8000,"sd","11:23:06",10375300
22.05,-0.2,5000,"sd","11:23:00",10367300
22.05,-0.2,600,"sd","11:22:56",10362300
22.05,-0.2,100,"bu","11:22:53",10361700
22.05,-0.2,7000,"bu","11:22:53",10361600
22.05,-0.2,100,"bu","11:22:52",10354600
22.05,-0.2,21700,"bu","11:22:50",10354500
22.05,-0.2,78300,"bu","11:22:49",10332800
22.05,-0.2,300,"bu","11:22:48",10254500
22.05,-0.2,20000,"bu","11:22:47",10254200
22.05,-0.2,500,"bu","11:22:46",10234200
22,-0.25,10000,"sd","11:22:45",10233700
22,-0.25,3000,"sd","11:22:37",10223700
22,-0.25,5600,"sd","11:22:34",10220700
22,-0.25,24700,"sd","11:22:33",10215100
22,-0.25,600,"sd","11:22:33",10190400
22.05,-0.2,3000,"bu","11:22:33",10189800
22,-0.25,200,"sd","11:22:25",10186800
22,-0.25,800,"sd","11:22:23",10186600
22,-0.25,400,"sd","11:22:22",10185800
22,-0.25,19600,"sd","11:22:21",10185400
22,-0.25,600,"sd","11:22:15",10165800
22,-0.25,100,"sd","11:22:08",10165200
22,-0.25,100,"sd","11:22:02",10165100
22,-0.25,16100,"sd","11:21:52",10165000
22,-0.25,8900,"sd","11:21:51",10148900
22,-0.25,700,"sd","11:21:46",10140000
22,-0.25,600,"sd","11:21:35",10139300
22.05,-0.2,1000,"bu","11:21:32",10138700
22,-0.25,1000,"sd","11:21:25",10137700
22.05,-0.2,500,"bu","11:21:23",10136700
22.05,-0.2,500,"bu","11:21:15",10136200
22,-0.25,10000,"sd","11:21:13",10135700
22.05,-0.2,600,"bu","11:21:12",10125700
22,-0.25,500,"sd","11:21:10",10125100
22,-0.25,3000,"sd","11:21:10",10124600
22,-0.25,700,"sd","11:21:09",10121600
22,-0.25,10000,"sd","11:21:07",10120900
22,-0.25,700,"sd","11:21:05",10110900
22,-0.25,300,"sd","11:21:01",10110200
22,-0.25,100,"sd","11:20:52",10109900
22,-0.25,300,"sd","11:20:50",10109800
22,-0.25,1000,"sd","11:20:48",10109500
22.05,-0.2,5000,"bu","11:20:47",10108500
22.05,-0.2,500,"bu","11:20:38",10103500
22,-0.25,700,"sd","11:20:36",10103000
22.05,-0.2,5000,"bu","11:20:34",10102300
22.05,-0.2,1000,"bu","11:20:34",10097300
22.05,-0.2,5000,"bu","11:20:31",10096300
22.05,-0.2,500,"bu","11:20:29",10091300
22.05,-0.2,500,"bu","11:20:24",10090800
22.05,-0.2,200,"bu","11:20:15",10090300
22,-0.25,600,"sd","11:20:03",10090100
22.05,-0.2,400,"bu","11:20:01",10089500
22,-0.25,100,"sd","11:19:57",10089100
22.05,-0.2,100,"bu","11:19:56",10089000
22.05,-0.2,1000,"bu","11:19:55",10088900
22.05,-0.2,100,"bu","11:19:52",10087900
22,-0.25,300,"sd","11:19:46",10087800
22.05,-0.2,100,"bu","11:19:44",10087500
22,-0.25,25000,"sd","11:19:40",10087400
22,-0.25,1000,"sd","11:19:33",10062400
22,-0.25,700,"sd","11:19:30",10061400
22,-0.25,4000,"sd","11:19:28",10060700
22,-0.25,10000,"sd","11:19:21",10056700
22,-0.25,1100,"sd","11:19:16",10046700
22,-0.25,100,"sd","11:19:10",10045600
22.05,-0.2,5000,"bu","11:19:10",10045500
22.05,-0.2,200,"bu","11:19:00",10040500
22,-0.25,700,"sd","11:18:54",10040300
22.05,-0.2,200,"bu","11:18:52",10039600
22,-0.25,1700,"sd","11:18:49",10039400
22,-0.25,400,"sd","11:18:47",10037700
22,-0.25,100,"sd","11:18:22",10037300
22,-0.25,700,"sd","11:18:21",10037200
22,-0.25,2500,"sd","11:18:15",10036500
22.05,-0.2,100,"bu","11:18:12",10034000
22,-0.25,15000,"sd","11:18:08",10033900
22.05,-0.2,800,"bu","11:18:04",10018900
22,-0.25,32000,"sd","11:18:01",10018100
22.05,-0.2,1000,"bu","11:17:48",9986100
22,-0.25,700,"sd","11:17:48",9985100
22,-0.25,6000,"sd","11:17:43",9984400
22,-0.25,400,"sd","11:17:38",9978400
22.05,-0.2,1000,"bu","11:17:33",9978000
22.05,-0.2,100,"bu","11:17:32",9977000
22.05,-0.2,5000,"bu","11:17:24",9976900
22.05,-0.2,500,"bu","11:17:21",9971900
22,-0.25,500,"sd","11:17:20",9971400
22.05,-0.2,1500,"bu","11:17:16",9970900
22,-0.25,700,"sd","11:17:14",9969400
22.05,-0.2,300,"bu","11:17:07",9968700
22.05,-0.2,1200,"bu","11:17:06",9968400
22.05,-0.2,1000,"bu","11:17:02",9967200
22.05,-0.2,200,"bu","11:16:59",9966200
22.05,-0.2,1000,"bu","11:16:54",9966000
22.05,-0.2,100,"bu","11:16:53",9965000
22.05,-0.2,2500,"bu","11:16:47",9964900
22.05,-0.2,1000,"bu","11:16:37",9962400
22,-0.25,700,"sd","11:16:36",9961400
22.05,-0.2,200,"bu","11:16:36",9960700
22,-0.25,700,"sd","11:16:32",9960500
22.05,-0.2,100,"bu","11:16:16",9959800
22.05,-0.2,1000,"bu","11:16:06",9959700
22,-0.25,600,"sd","11:16:03",9958700
22,-0.25,500,"sd","11:15:56",9958100
22.05,-0.2,200,"bu","11:15:46",9957600
22,-0.25,700,"sd","11:15:30",9957400
22,-0.25,1000,"sd","11:15:28",9956700
22,-0.25,3000,"sd","11:15:25",9955700
22.05,-0.2,3000,"bu","11:15:10",9952700
22.05,-0.2,800,"bu","11:14:59",9949700
22,-0.25,700,"sd","11:14:59",9948900
22.05,-0.2,500,"bu","11:14:56",9948200
22.05,-0.2,100,"bu","11:14:49",9947700
22.05,-0.2,100,"bu","11:14:39",9947600
22,-0.25,1500,"sd","11:14:37",9947500
22.05,-0.2,2500,"bu","11:14:35",9946000
22.05,-0.2,100,"bu","11:14:32",9943500
22.05,-0.2,500,"bu","11:14:29",9943400
22,-0.25,800,"sd","11:14:22",9942900
22.05,-0.2,100,"bu","11:14:21",9942100
22.05,-0.2,800,"bu","11:14:11",9942000
22.05,-0.2,100,"bu","11:14:10",9941200
22.05,-0.2,3600,"bu","11:14:02",9941100
22,-0.25,3000,"sd","11:13:59",9937500
22,-0.25,700,"sd","11:13:44",9934500
22.05,-0.2,400,"bu","11:13:38",9933800
22,-0.25,2000,"sd","11:13:29",9933400
22,-0.25,700,"sd","11:13:08",9931400
22,-0.25,10000,"sd","11:12:55",9930700
22,-0.25,100,"sd","11:12:51",9920700
22.05,-0.2,200,"bu","11:12:50",9920600
22.05,-0.2,100,"bu","11:12:48",9920400
22,-0.25,3000,"sd","11:12:42",9920300
22.05,-0.2,1000,"bu","11:12:42",9917300
22,-0.25,600,"sd","11:12:34",9916300
22.05,-0.2,3000,"bu","11:12:32",9915700
22.05,-0.2,100,"bu","11:12:31",9912700
22.05,-0.2,100,"bu","11:12:30",9912600
22.05,-0.2,100,"bu","11:12:22",9912500
22,-0.25,3000,"sd","11:12:19",9912400
22.05,-0.2,500,"bu","11:12:16",9909400
22.05,-0.2,800,"bu","11:12:15",9908900
22.05,-0.2,5000,"bu","11:12:13",9908100
22,-0.25,900,"sd","11:12:02",9903100
22.05,-0.2,100,"bu","11:12:01",9902200
22.05,-0.2,1000,"bu","11:11:50",9902100
22.05,-0.2,500,"bu","11:11:38",9901100
22.05,-0.2,200,"bu","11:11:34",9900600
22.05,-0.2,500,"bu","11:11:34",9900400
22.05,-0.2,100,"bu","11:11:30",9899900
22,-0.25,600,"sd","11:11:22",9899800
22,-0.25,10000,"sd","11:11:20",9899200
22,-0.25,15000,"sd","11:11:17",9889200
22.05,-0.2,100,"bu","11:11:12",9874200
22.05,-0.2,200,"bu","11:11:08",9874100
22.05,-0.2,1100,"bu","11:11:06",9873900
22.05,-0.2,1600,"bu","11:11:05",9872800
22.05,-0.2,2000,"bu","11:11:03",9871200
22.05,-0.2,1100,"bu","11:10:53",9869200
22.05,-0.2,2000,"bu","11:10:51",9868100
22.05,-0.2,1000,"bu","11:10:50",9866100
22,-0.25,700,"sd","11:10:50",9865100
22.05,-0.2,10000,"bu","11:10:49",9864400
22.05,-0.2,100,"bu","11:10:48",9854400
22.05,-0.2,500,"bu","11:10:47",9854300
22,-0.25,1000,"sd","11:10:46",9853800
22.05,-0.2,2000,"bu","11:10:41",9852800
22.05,-0.2,100,"bu","11:10:38",9850800
22.05,-0.2,61000,"bu","11:10:37",9850700
22.05,-0.2,400,"bu","11:10:34",9789700
22.05,-0.2,5000,"bu","11:10:18",9789300
22,-0.25,1000,"sd","11:10:16",9784300
22,-0.25,1300,"sd","11:10:13",9783300
22,-0.25,700,"sd","11:10:12",9782000
22,-0.25,200,"sd","11:09:50",9781300
22.05,-0.2,500,"bu","11:09:44",9781100
22,-0.25,700,"sd","11:09:40",9780600
22.05,-0.2,5000,"bu","11:09:29",9779900
22.05,-0.2,1000,"bu","11:09:26",9774900
22.05,-0.2,100,"bu","11:09:25",9773900
22,-0.25,100,"sd","11:09:23",9773800
22,-0.25,700,"sd","11:09:06",9773700
22.05,-0.2,5000,"bu","11:09:05",9773000
22.05,-0.2,10000,"bu","11:09:02",9768000
22.05,-0.2,1000,"bu","11:08:58",9758000
22.05,-0.2,800,"bu","11:08:56",9757000
22.05,-0.2,10300,"bu","11:08:54",9756200
22.05,-0.2,1000,"bu","11:08:51",9745900
22.05,-0.2,100,"bu","11:08:44",9744900
22.05,-0.2,100,"bu","11:08:36",9744800
22.05,-0.2,1000,"bu","11:08:35",9744700
22,-0.25,600,"sd","11:08:31",9743700
22,-0.25,5000,"sd","11:08:29",9743100
22.05,-0.2,18600,"sd","11:08:22",9738100
22.05,-0.2,5000,"sd","11:08:12",9719500
22.05,-0.2,10000,"sd","11:08:07",9714500
22.05,-0.2,800,"bu","11:08:06",9704500
22.05,-0.2,100,"bu","11:08:05",9703700
22.05,-0.2,700,"bu","11:08:01",9703600
22.05,-0.2,2000,"bu","11:07:59",9702900
22,-0.25,700,"sd","11:07:59",9700900
22.05,-0.2,3000,"bu","11:07:59",9700200
22,-0.25,500,"sd","11:07:58",9697200
22.05,-0.2,2300,"bu","11:07:56",9696700
22,-0.25,1500,"sd","11:07:49",9694400
22.05,-0.2,9500,"bu","11:07:48",9692900
22.05,-0.2,500,"bu","11:07:47",9683400
22,-0.25,200,"sd","11:07:46",9682900
22.05,-0.2,24500,"bu","11:07:45",9682700
22.05,-0.2,5000,"bu","11:07:35",9658200
22.05,-0.2,900,"bu","11:07:33",9653200
22.05,-0.2,500,"bu","11:07:32",9652300
22.05,-0.2,100,"bu","11:07:28",9651800
22,-0.25,700,"sd","11:07:26",9651700
22.05,-0.2,2000,"bu","11:07:25",9651000
22.05,-0.2,500,"bu","11:07:22",9649000
22.05,-0.2,100,"bu","11:07:21",9648500
22.05,-0.2,500,"bu","11:07:16",9648400
22.05,-0.2,300,"bu","11:07:09",9647900
22.05,-0.2,1800,"bu","11:07:04",9647600
22.05,-0.2,100,"bu","11:07:03",9645800
22.05,-0.2,1700,"bu","11:07:02",9645700
22.05,-0.2,1300,"bu","11:07:02",9644000
22.05,-0.2,100,"bu","11:07:01",9642700
22.05,-0.2,5000,"bu","11:06:59",9642600
22.05,-0.2,200,"bu","11:06:56",9637600
22.05,-0.2,2500,"bu","11:06:52",9637400
22,-0.25,700,"sd","11:06:52",9634900
22.05,-0.2,100,"bu","11:06:48",9634200
22.05,-0.2,2000,"bu","11:06:47",9634100
22.05,-0.2,200,"bu","11:06:43",9632100
22,-0.25,500,"sd","11:06:41",9631900
22.05,-0.2,500,"bu","11:06:39",9631400
22.05,-0.2,100,"sd","11:06:26",9630900
22,-0.25,300,"sd","11:06:14",9630800
22.05,-0.2,1400,"sd","11:06:14",9630500
22.05,-0.2,600,"bu","11:06:12",9629100
22.05,-0.2,3000,"bu","11:06:09",9628500
22.05,-0.2,800,"bu","11:06:07",9625500
22.05,-0.2,3000,"bu","11:06:05",9624700
22.05,-0.2,2000,"bu","11:05:58",9621700
22.05,-0.2,200,"bu","11:05:52",9619700
22.05,-0.2,2000,"bu","11:05:50",9619500
22.05,-0.2,200,"bu","11:05:49",9617500
22.05,-0.2,1500,"bu","11:05:45",9617300
22.05,-0.2,400,"bu","11:05:43",9615800
22.05,-0.2,300,"bu","11:05:41",9615400
22,-0.25,800,"sd","11:05:41",9615100
22.05,-0.2,1700,"bu","11:05:36",9614300
22.05,-0.2,1000,"bu","11:05:33",9612600
22.05,-0.2,12000,"sd","11:05:30",9611600
22.05,-0.2,10000,"sd","11:05:29",9599600
22.05,-0.2,1000,"sd","11:05:25",9589600
22.05,-0.2,10000,"sd","11:05:24",9588600
22.05,-0.2,800,"sd","11:05:14",9578600
22.05,-0.2,200,"sd","11:05:05",9577800
22.05,-0.2,1600,"sd","11:05:04",9577600
22.05,-0.2,600,"sd","11:05:03",9576000
22.05,-0.2,1100,"sd","11:04:59",9575400
22.1,-0.15,1000,"bu","11:04:57",9574300
22.1,-0.15,5000,"bu","11:04:57",9573300
22.05,-0.2,10000,"sd","11:04:48",9568300
22.05,-0.2,900,"bu","11:04:47",9558300
22.05,-0.2,10300,"bu","11:04:47",9557400
22.05,-0.2,9000,"bu","11:04:41",9547100
22.05,-0.2,400,"bu","11:04:34",9538100
22.05,-0.2,1000,"bu","11:04:32",9537700
22.05,-0.2,2000,"sd","11:04:31",9536700
22.05,-0.2,800,"sd","11:04:30",9534700
22.05,-0.2,1000,"sd","11:04:29",9533900
22.05,-0.2,100,"sd","11:04:22",9532900
22.05,-0.2,2300,"sd","11:04:17",9532800
22.1,-0.15,100,"bu","11:04:08",9530500
22.05,-0.2,8400,"sd","11:04:03",9530400
22.05,-0.2,10000,"sd","11:04:02",9522000
22.05,-0.2,1200,"sd","11:03:56",9512000
22.05,-0.2,800,"sd","11:03:52",9510800
22.1,-0.15,1000,"bu","11:03:50",9510000
22.05,-0.2,10000,"sd","11:03:48",9509000
22.1,-0.15,100,"bu","11:03:48",9499000
22.05,-0.2,2000,"sd","11:03:42",9498900
22.05,-0.2,10000,"sd","11:03:33",9496900
22.1,-0.15,100,"bu","11:03:31",9486900
22.05,-0.2,100,"sd","11:03:27",9486800
22.1,-0.15,1000,"bu","11:03:23",9486700
22.05,-0.2,2700,"sd","11:03:15",9485700
22.1,-0.15,100,"bu","11:03:14",9483000
22.1,-0.15,2000,"bu","11:03:13",9482900
22.1,-0.15,500,"bu","11:03:12",9480900
22.1,-0.15,2000,"bu","11:03:10",9480400
22.1,-0.15,2000,"bu","11:03:06",9478400
22.05,-0.2,500,"sd","11:03:04",9476400
22.1,-0.15,2000,"bu","11:02:59",9475900
22.1,-0.15,100,"bu","11:02:49",9473900
22.05,-0.2,5000,"sd","11:02:43",9473800
22.05,-0.2,8000,"sd","11:02:40",9468800
22.05,-0.2,700,"sd","11:02:37",9460800
22.05,-0.2,1000,"sd","11:02:36",9460100
22.05,-0.2,2000,"sd","11:02:27",9459100
22.1,-0.15,100,"bu","11:02:13",9457100
22.05,-0.2,9700,"sd","11:02:12",9457000
22.05,-0.2,800,"sd","11:02:06",9447300
22.05,-0.2,1000,"sd","11:02:02",9446500
22.05,-0.2,3000,"sd","11:02:00",9445500
22.05,-0.2,3200,"sd","11:01:57",9442500
22.05,-0.2,12200,"bu","11:01:57",9439300
22.05,-0.2,7800,"sd","11:01:56",9427100
22.05,-0.2,1000,"sd","11:01:55",9419300
22.05,-0.2,1000,"sd","11:01:54",9418300
22.05,-0.2,5000,"sd","11:01:49",9417300
22.05,-0.2,1300,"sd","11:01:48",9412300
22.05,-0.2,20000,"sd","11:01:46",9411000
22.1,-0.15,200,"bu","11:01:46",9391000
22.05,-0.2,1000,"sd","11:01:40",9390800
22.05,-0.2,500,"sd","11:01:34",9389800
22.1,-0.15,1000,"bu","11:01:32",9389300
22.05,-0.2,1000,"sd","11:01:27",9388300
22.05,-0.2,700,"sd","11:01:26",9387300
22.05,-0.2,24200,"sd","11:01:25",9386600
22.05,-0.2,25800,"sd","11:01:25",9362400
22.1,-0.15,1500,"bu","11:01:22",9336600
22.05,-0.2,1000,"sd","11:01:18",9335100
22.1,-0.15,1000,"bu","11:01:06",9334100
22.05,-0.2,10000,"sd","11:01:06",9333100
22.05,-0.2,3000,"sd","11:01:04",9323100
22.05,-0.2,7000,"sd","11:01:03",9320100
22.05,-0.2,300,"sd","11:01:01",9313100
22.05,-0.2,800,"sd","11:00:50",9312800
22.1,-0.15,500,"bu","11:00:47",9312000
22.05,-0.2,1800,"sd","11:00:44",9311500
22.1,-0.15,500,"bu","11:00:42",9309700
22.05,-0.2,3200,"sd","11:00:41",9309200
22.05,-0.2,6800,"sd","11:00:41",9306000
22.1,-0.15,200,"bu","11:00:37",9299200
22.05,-0.2,500,"sd","11:00:37",9299000
22.1,-0.15,200,"bu","11:00:35",9298500
22.1,-0.15,1000,"bu","11:00:32",9295300
22.1,-0.15,2000,"bu","11:00:26",9294300
22.1,-0.15,900,"bu","11:00:23",9292300
22.1,-0.15,1000,"bu","11:00:22",9291400
22.1,-0.15,700,"bu","11:00:15",9290400
22.1,-0.15,1000,"bu","11:00:11",9289700
22.05,-0.2,800,"sd","11:00:08",9288700
22.1,-0.15,100,"bu","10:59:58",9287900
22.1,-0.15,200,"bu","10:59:55",9287800
22.05,-0.2,3000,"sd","10:59:54",9287600
22.1,-0.15,3500,"bu","10:59:54",9284600
22.05,-0.2,4600,"sd","10:59:51",9281100
22.1,-0.15,400,"bu","10:59:37",9276500
22.1,-0.15,20000,"bu","10:59:34",9276100
22.05,-0.2,800,"sd","10:59:27",9256100
22.1,-0.15,1000,"bu","10:59:25",9255300
22.05,-0.2,500,"sd","10:59:25",9254300
22.1,-0.15,400,"bu","10:59:24",9253800
22.1,-0.15,5000,"bu","10:59:21",9253400
22.1,-0.15,1000,"bu","10:59:19",9248400
22.05,-0.2,2500,"sd","10:59:19",9247400
22.1,-0.15,2000,"bu","10:59:19",9244900
22.1,-0.15,12000,"bu","10:59:18",9242900
22.05,-0.2,300,"sd","10:59:17",9230900
22.1,-0.15,100,"bu","10:59:15",9230600
22.05,-0.2,10000,"sd","10:59:08",9230500
22.1,-0.15,800,"bu","10:59:02",9220500
22.1,-0.15,100,"bu","10:58:50",9219700
22.05,-0.2,800,"sd","10:58:49",9219600
22.1,-0.15,5000,"bu","10:58:44",9218800
22.1,-0.15,1000,"bu","10:58:42",9213800
22.05,-0.2,5000,"sd","10:58:39",9212800
22.1,-0.15,1000,"bu","10:58:36",9207800
22.1,-0.15,1100,"bu","10:58:35",9206800
22.1,-0.15,100,"bu","10:58:33",9205700
22.1,-0.15,100,"bu","10:58:28",9205600
22.1,-0.15,3000,"bu","10:58:25",9205500
22.1,-0.15,1000,"bu","10:58:16",9202500
22.1,-0.15,100,"bu","10:58:16",9201500
22.1,-0.15,100,"bu","10:58:09",9201400
22.1,-0.15,5000,"bu","10:58:08",9201300
22.05,-0.2,800,"sd","10:58:08",9196300
22.1,-0.15,100,"bu","10:58:08",9195500
22.05,-0.2,500,"sd","10:58:07",9195400
22.1,-0.15,100,"bu","10:58:03",9194900
22.1,-0.15,200,"bu","10:57:59",9194800
22.05,-0.2,1500,"sd","10:57:54",9194600
22.05,-0.2,700,"sd","10:57:47",9193100
22.05,-0.2,2600,"bu","10:57:35",9192400
22.05,-0.2,5200,"bu","10:57:35",9189800
22.05,-0.2,3000,"bu","10:57:34",9184600
22.05,-0.2,100,"bu","10:57:34",9181600
22.05,-0.2,3500,"bu","10:57:33",9181500
22.05,-0.2,7200,"bu","10:57:32",9178000
22.05,-0.2,9000,"bu","10:57:31",9170800
22.05,-0.2,11000,"bu","10:57:30",9161800
22,-0.25,700,"sd","10:57:30",9150800
22.05,-0.2,8900,"bu","10:57:29",9150100
22.05,-0.2,5000,"bu","10:57:29",9141200
22,-0.25,600,"sd","10:57:28",9136200
22.05,-0.2,400,"bu","10:57:27",9135600
22.05,-0.2,100,"bu","10:57:27",9135200
22.05,-0.2,10400,"bu","10:57:26",9135100
22.05,-0.2,300,"bu","10:57:23",9124700
22.05,-0.2,100,"bu","10:57:22",9124400
22.05,-0.2,50000,"bu","10:57:21",9124300
22.05,-0.2,5000,"bu","10:57:21",9074300
22.05,-0.2,3500,"bu","10:57:18",9069300
22.05,-0.2,3500,"bu","10:57:17",9065800
22.05,-0.2,500,"bu","10:57:15",9062300
22.05,-0.2,300,"bu","10:57:12",9061800
22.05,-0.2,2000,"bu","10:57:11",9061500
22,-0.25,100,"sd","10:57:10",9059500
22.05,-0.2,2000,"bu","10:57:09",9059400
22.05,-0.2,2700,"bu","10:57:09",9057400
22.05,-0.2,1000,"bu","10:57:00",9054700
22,-0.25,700,"sd","10:56:55",9053700
22,-0.25,3000,"sd","10:56:51",9053000
22,-0.25,14200,"bu","10:56:39",9050000
22,-0.25,6800,"bu","10:56:38",9035800
22,-0.25,300,"bu","10:56:38",9029000
22,-0.25,3000,"bu","10:56:37",9028700
22,-0.25,7000,"bu","10:56:37",9025700
22,-0.25,300,"bu","10:56:36",9018700
22,-0.25,5500,"bu","10:56:34",9018400
22,-0.25,2000,"bu","10:56:34",9012900
22,-0.25,31500,"bu","10:56:33",9010900
22,-0.25,2400,"bu","10:56:33",8979400
22,-0.25,20100,"bu","10:56:32",8977000
22,-0.25,11500,"bu","10:56:31",8956900
22,-0.25,2300,"bu","10:56:30",8945400
22,-0.25,1200,"bu","10:56:30",8943100
22,-0.25,600,"bu","10:56:29",8941900
22,-0.25,3800,"bu","10:56:29",8941300
22,-0.25,50500,"bu","10:56:28",8937500
22,-0.25,500,"bu","10:56:27",8887000
22,-0.25,200,"bu","10:56:27",8886500
22,-0.25,5500,"bu","10:56:26",8886300
22,-0.25,100,"bu","10:56:26",8880800
22,-0.25,2000,"bu","10:56:25",8880700
22,-0.25,500,"bu","10:56:23",8878700
22,-0.25,43000,"bu","10:56:21",8878200
22,-0.25,2100,"bu","10:56:21",8835200
22,-0.25,1100,"bu","10:56:19",8833100
22,-0.25,1000,"bu","10:56:19",8832000
22,-0.25,1000,"bu","10:56:18",8831000
21.95,-0.3,700,"sd","10:56:18",8830000
22,-0.25,13000,"bu","10:56:17",8829300
22,-0.25,500,"bu","10:56:15",8816300
22,-0.25,400,"bu","10:56:13",8815800
22,-0.25,500,"bu","10:56:11",8815400
22,-0.25,1000,"bu","10:56:11",8814900
22,-0.25,200,"bu","10:56:10",8813900
22,-0.25,100,"bu","10:56:09",8813700
22,-0.25,5300,"bu","10:56:09",8813600
22,-0.25,300,"bu","10:56:08",8808300
22,-0.25,200,"bu","10:56:07",8808000
22,-0.25,200,"bu","10:56:04",8807800
22,-0.25,1500,"bu","10:56:01",8807600
21.95,-0.3,100,"sd","10:56:00",8806100
22,-0.25,100,"bu","10:55:58",8806000
22,-0.25,100,"bu","10:55:58",8805900
22,-0.25,1000,"bu","10:55:57",8805800
22,-0.25,10000,"bu","10:55:56",8804800
21.95,-0.3,1900,"sd","10:55:55",8794800
21.95,-0.3,400,"sd","10:55:55",8792900
22,-0.25,900,"bu","10:55:54",8792500
22,-0.25,3000,"bu","10:55:53",8791600
22,-0.25,5000,"bu","10:55:46",8788600
21.95,-0.3,800,"sd","10:55:46",8783600
22,-0.25,20000,"bu","10:55:45",8782800
22,-0.25,500,"bu","10:55:40",8762800
22,-0.25,100,"bu","10:55:37",8762300
22,-0.25,1700,"bu","10:55:33",8762200
21.95,-0.3,5000,"sd","10:55:32",8760500
21.95,-0.3,1400,"sd","10:55:31",8755500
22,-0.25,10000,"bu","10:55:30",8754100
21.95,-0.3,30000,"sd","10:55:28",8744100
22,-0.25,3500,"bu","10:55:25",8714100
21.95,-0.3,500,"sd","10:55:21",8710600
21.95,-0.3,13800,"sd","10:55:19",8710100
22,-0.25,1500,"bu","10:55:18",8660100
21.95,-0.3,5000,"sd","10:55:14",8658600
21.95,-0.3,1000,"sd","10:55:14",8653600
22,-0.25,600,"bu","10:55:14",8652600
21.95,-0.3,500,"sd","10:55:13",8652000
22,-0.25,100,"bu","10:55:10",8651500
21.95,-0.3,4000,"sd","10:55:10",8651400
21.95,-0.3,1500,"sd","10:55:10",8647400
21.95,-0.3,39200,"sd","10:55:09",8645900
22,-0.25,500,"bu","10:55:09",8606700
21.95,-0.3,500,"sd","10:55:09",8606200
21.95,-0.3,2700,"sd","10:55:07",8605700
21.95,-0.3,10000,"sd","10:55:06",8603000
22,-0.25,200,"bu","10:55:05",8593000
21.95,-0.3,5800,"sd","10:55:05",8592800
21.95,-0.3,14200,"sd","10:55:05",8587000
21.95,-0.3,8000,"sd","10:55:03",8572800
21.95,-0.3,3000,"sd","10:55:00",8564800
21.95,-0.3,10000,"sd","10:54:59",8561800
21.95,-0.3,800,"sd","10:54:54",8551800
22,-0.25,100,"bu","10:54:54",8551000
21.95,-0.3,6500,"sd","10:54:53",8550900
22,-0.25,500,"bu","10:54:51",8544400
21.95,-0.3,2500,"sd","10:54:47",8543900
21.95,-0.3,2000,"sd","10:54:45",8541400
21.95,-0.3,25000,"sd","10:54:38",8539400
21.95,-0.3,300,"sd","10:54:35",8514400
21.95,-0.3,600,"sd","10:54:32",8514100
21.95,-0.3,5000,"sd","10:54:29",8513500
21.95,-0.3,700,"sd","10:54:26",8508500
21.95,-0.3,1000,"sd","10:54:25",8507800
21.95,-0.3,1000,"sd","10:54:24",8506800
21.95,-0.3,5000,"sd","10:54:20",8505800
21.95,-0.3,600,"sd","10:54:16",8500800
21.95,-0.3,2200,"sd","10:54:14",8500200
21.95,-0.3,7700,"bu","10:54:11",8498000
21.95,-0.3,2000,"bu","10:54:10",8490300
21.95,-0.3,100,"bu","10:54:07",8488300
21.95,-0.3,100,"bu","10:54:06",8488200
21.95,-0.3,200,"bu","10:54:05",8488100
21.95,-0.3,500,"bu","10:54:04",8487900
21.95,-0.3,6900,"bu","10:54:02",8487400
21.95,-0.3,300,"bu","10:54:00",8480500
21.9,-0.35,700,"sd","10:53:59",8480200
21.95,-0.3,3900,"sd","10:53:58",8479500
22,-0.25,20000,"bu","10:53:56",8475600
21.95,-0.3,10600,"sd","10:53:55",8455600
21.95,-0.3,12700,"sd","10:53:54",8445000
22,-0.25,4000,"bu","10:53:54",8432300
21.95,-0.3,3500,"sd","10:53:54",8428300
21.95,-0.3,10000,"sd","10:53:53",8424800
22,-0.25,200,"bu","10:53:53",8414800
21.95,-0.3,7200,"sd","10:53:52",8414600
21.95,-0.3,8500,"sd","10:53:52",8407400
21.95,-0.3,12000,"sd","10:53:50",8398900
21.95,-0.3,5000,"sd","10:53:48",8386900
22,-0.25,100,"bu","10:53:46",8381900
21.95,-0.3,8600,"sd","10:53:46",8381800
21.95,-0.3,5000,"sd","10:53:45",8373200
21.95,-0.3,20000,"sd","10:53:44",8368200
21.95,-0.3,1000,"sd","10:53:44",8348200
21.95,-0.3,4500,"sd","10:53:41",8347200
22,-0.25,100,"bu","10:53:40",8342700
22,-0.25,4400,"bu","10:53:38",8342600
21.95,-0.3,40000,"sd","10:53:34",8338200
21.95,-0.3,45100,"sd","10:53:33",8298200
22,-0.25,900,"bu","10:53:32",8253100
22,-0.25,500,"bu","10:53:31",8252200
22,-0.25,1000,"bu","10:53:30",8251600
21.95,-0.3,54900,"sd","10:53:28",8250600
21.95,-0.3,600,"sd","10:53:27",8195700
22,-0.25,3000,"bu","10:53:27",8195100
22,-0.25,1300,"bu","10:53:27",8192100
22,-0.25,2100,"bu","10:53:26",8190800
21.95,-0.3,7600,"sd","10:53:23",8188700
21.95,-0.3,800,"sd","10:53:22",8181100
22,-0.25,1500,"bu","10:53:20",8180300
22,-0.25,100,"bu","10:53:19",8178800
22,-0.25,20000,"bu","10:53:18",8178700
22,-0.25,500,"bu","10:53:15",8158700
22,-0.25,1000,"bu","10:53:15",8158200
22,-0.25,100,"bu","10:53:13",8157200
22,-0.25,300,"bu","10:53:11",8157100
22,-0.25,100,"bu","10:53:10",8156800
22,-0.25,10100,"bu","10:53:00",8156700
22,-0.25,1600,"bu","10:52:57",8146600
22,-0.25,100,"bu","10:52:55",8145000
21.95,-0.3,700,"sd","10:52:54",8144900
21.95,-0.3,500,"sd","10:52:51",8144200
22,-0.25,700,"bu","10:52:48",8143700
22,-0.25,500,"bu","10:52:46",8143000
22,-0.25,100,"bu","10:52:39",8142500
22,-0.25,400,"bu","10:52:36",8142400
21.95,-0.3,9100,"sd","10:52:31",8142000
22,-0.25,1000,"bu","10:52:30",8132900
22,-0.25,2000,"bu","10:52:29",8131900
22,-0.25,1100,"bu","10:52:27",8129900
22,-0.25,1000,"bu","10:52:26",8128800
22,-0.25,5000,"bu","10:52:24",8127800
21.95,-0.3,700,"sd","10:52:22",8122800
22,-0.25,500,"bu","10:52:21",8122100
22,-0.25,700,"bu","10:52:18",8121600
22,-0.25,7000,"bu","10:52:16",8120900
22,-0.25,400,"bu","10:52:15",8113900
22,-0.25,1000,"bu","10:52:12",8113500
21.95,-0.3,200,"sd","10:52:12",8112500
21.95,-0.3,1000,"sd","10:52:09",8112300
22,-0.25,2100,"bu","10:52:07",8111300
21.95,-0.3,100,"sd","10:52:06",8109200
22,-0.25,200,"bu","10:52:06",8109100
22,-0.25,1000,"bu","10:51:57",8108900
21.95,-0.3,2200,"bu","10:51:57",8107900
21.95,-0.3,3900,"bu","10:51:56",8105700
21.95,-0.3,10500,"bu","10:51:56",8101800
21.95,-0.3,6000,"bu","10:51:55",8091300
21.95,-0.3,700,"bu","10:51:55",8085300
21.95,-0.3,53800,"bu","10:51:54",8084600
21.95,-0.3,5200,"bu","10:51:54",8030800
21.95,-0.3,4800,"bu","10:51:53",8025600
21.95,-0.3,3000,"bu","10:51:53",8020800
21.9,-0.35,8000,"sd","10:51:52",8017800
21.95,-0.3,16000,"bu","10:51:52",8009800
21.95,-0.3,200,"bu","10:51:52",7993800
21.95,-0.3,200,"bu","10:51:51",7993600
21.95,-0.3,200,"bu","10:51:51",7993400
21.95,-0.3,500,"bu","10:51:50",7993200
21.9,-0.35,2000,"sd","10:51:50",7992700
21.95,-0.3,100,"bu","10:51:50",7990700
21.95,-0.3,3000,"bu","10:51:49",7990600
21.95,-0.3,200,"bu","10:51:49",7987600
21.95,-0.3,100,"bu","10:51:48",7987400
21.95,-0.3,3300,"bu","10:51:47",7987300
21.95,-0.3,200,"bu","10:51:46",7984000
21.9,-0.35,6800,"sd","10:51:45",7983800
21.95,-0.3,100,"bu","10:51:45",7977000
21.9,-0.35,500,"sd","10:51:45",7976900
21.95,-0.3,100000,"bu","10:51:45",7976400
21.9,-0.35,500,"sd","10:51:40",7876400
21.9,-0.35,13800,"bu","10:51:36",7875900
21.9,-0.35,69000,"bu","10:51:35",7862100
21.9,-0.35,5900,"bu","10:51:35",7793100
21.9,-0.35,5500,"bu","10:51:34",7787200
21.9,-0.35,203400,"bu","10:51:33",7781700
21.9,-0.35,3900,"bu","10:51:32",7578300
21.9,-0.35,1900,"bu","10:51:31",7574400
21.9,-0.35,17200,"bu","10:51:30",7572500
21.9,-0.35,65900,"bu","10:51:29",7555300
21.9,-0.35,6600,"bu","10:51:28",7489400
21.9,-0.35,200,"bu","10:51:26",7482800
21.9,-0.35,1000,"bu","10:51:25",7482600
21.9,-0.35,100,"bu","10:51:24",7481600
21.9,-0.35,800,"bu","10:51:22",7481500
21.9,-0.35,5400,"bu","10:51:21",7480700
21.85,-0.4,30000,"sd","10:51:20",7475300
21.9,-0.35,1500,"bu","10:51:20",7445300
21.9,-0.35,1000,"bu","10:51:19",7443800
21.9,-0.35,1000,"bu","10:51:18",7442800
21.85,-0.4,1000,"sd","10:51:18",7441800
21.9,-0.35,300,"bu","10:51:18",7440800
21.9,-0.35,500,"bu","10:51:17",7440500
21.9,-0.35,2000,"bu","10:51:16",7440000
21.9,-0.35,100,"bu","10:51:15",7438000
21.9,-0.35,1000,"bu","10:51:15",7437900
21.9,-0.35,3500,"bu","10:51:14",7436900
21.85,-0.4,500,"sd","10:51:13",7433400
21.9,-0.35,5000,"bu","10:51:13",7432900
21.9,-0.35,1000,"bu","10:51:10",7427900
21.9,-0.35,100,"bu","10:51:07",7426900
21.85,-0.4,700,"sd","10:51:06",7426800
21.85,-0.4,3000,"sd","10:51:02",7426100
21.9,-0.35,500,"bu","10:51:02",7423100
21.9,-0.35,100,"bu","10:51:01",7422600
21.9,-0.35,600,"bu","10:50:59",7422500
21.85,-0.4,1200,"sd","10:50:58",7421900
21.9,-0.35,100,"bu","10:50:58",7420700
21.9,-0.35,500,"bu","10:50:55",7420600
21.85,-0.4,2000,"sd","10:50:54",7420100
21.9,-0.35,100,"bu","10:50:54",7418100
21.85,-0.4,400,"sd","10:50:52",7418000
21.9,-0.35,1000,"bu","10:50:52",7417600
21.9,-0.35,1000,"bu","10:50:51",7416600
21.85,-0.4,300,"sd","10:50:51",7415600
21.9,-0.35,1000,"bu","10:50:50",7415300
21.9,-0.35,1000,"bu","10:50:49",7414300
21.9,-0.35,1200,"bu","10:50:46",7413300
21.85,-0.4,400,"sd","10:50:46",7412100
21.9,-0.35,1000,"bu","10:50:45",7411700
21.85,-0.4,5000,"sd","10:50:43",7410700
21.85,-0.4,8400,"sd","10:50:41",7405700
21.85,-0.4,1000,"sd","10:50:41",7397300
21.9,-0.35,100,"bu","10:50:40",7396300
21.85,-0.4,600,"sd","10:50:39",7396200
21.9,-0.35,100,"bu","10:50:39",7395600
21.85,-0.4,900,"sd","10:50:38",7395500
21.85,-0.4,1000,"sd","10:50:35",7394600
21.85,-0.4,3600,"sd","10:50:35",7393600
21.9,-0.35,500,"bu","10:50:35",7390000
21.9,-0.35,500,"bu","10:50:33",7389500
21.85,-0.4,1600,"sd","10:50:33",7389000
21.85,-0.4,2000,"sd","10:50:31",7387400
21.85,-0.4,700,"sd","10:50:30",7385400
21.85,-0.4,5000,"sd","10:50:29",7384700
21.85,-0.4,3000,"sd","10:50:28",7379700
21.85,-0.4,600,"sd","10:50:23",7376700
21.9,-0.35,6000,"bu","10:50:22",7376100
21.85,-0.4,500,"sd","10:50:19",7370100
21.85,-0.4,500,"sd","10:50:16",7369600
21.9,-0.35,300,"bu","10:50:15",7368100
21.85,-0.4,7000,"sd","10:50:14",7367800
21.9,-0.35,200,"bu","10:50:14",7360800
21.9,-0.35,500,"bu","10:50:13",7360600
21.85,-0.4,1000,"sd","10:50:13",7360100
21.9,-0.35,500,"bu","10:50:09",7359100
21.85,-0.4,10800,"sd","10:50:08",7358600
21.9,-0.35,200,"bu","10:50:07",7347800
21.85,-0.4,500,"sd","10:50:03",7347600
21.85,-0.4,3000,"sd","10:50:01",7347100
21.9,-0.35,20000,"bu","10:50:01",7344100
21.85,-0.4,4000,"sd","10:50:01",7324100
21.9,-0.35,14000,"bu","10:50:00",7320100
21.85,-0.4,21000,"sd","10:50:00",7306100
21.9,-0.35,2000,"bu","10:49:58",7285100
21.85,-0.4,2000,"sd","10:49:58",7283100
21.9,-0.35,4000,"bu","10:49:57",7281100
21.85,-0.4,700,"sd","10:49:56",7277100
21.9,-0.35,200,"bu","10:49:56",7276400
21.9,-0.35,2000,"bu","10:49:55",7276200
21.85,-0.4,1400,"sd","10:49:54",7274200
21.9,-0.35,200,"bu","10:49:53",7272800
21.85,-0.4,5200,"sd","10:49:53",7272600
21.9,-0.35,100,"bu","10:49:53",7267400
21.85,-0.4,1000,"sd","10:49:49",7267300
21.9,-0.35,100,"bu","10:49:48",7266300
21.9,-0.35,15900,"sd","10:49:47",7266200
