"price","change","match_qtty","side","time","total_vol"
71.1,-0.6,112300,"","14:45:00",780500
71.5,-0.2,3200,"bu","14:29:55",668200
71.4,-0.3,3800,"bu","14:29:55",665000
71.3,-0.4,100,"bu","14:29:53",661200
71.2,-0.5,100,"sd","14:29:49",661100
71.3,-0.4,1300,"bu","14:29:13",661000
71.3,-0.4,200,"bu","14:29:10",659700
71.2,-0.5,200,"bu","14:28:54",659500
71.2,-0.5,5500,"bu","14:28:46",659300
71.2,-0.5,100,"bu","14:28:38",653800
71.2,-0.5,100,"bu","14:28:24",653700
71.1,-0.6,100,"sd","14:28:21",653600
71.1,-0.6,1400,"bu","14:27:49",653500
71.1,-0.6,10600,"sd","14:27:43",652100
71.2,-0.5,1000,"bu","14:27:40",641500
71.2,-0.5,200,"bu","14:27:35",640500
71.2,-0.5,1000,"bu","14:27:32",640300
71.2,-0.5,1500,"bu","14:27:32",639300
71.2,-0.5,100,"bu","14:27:25",637800
71.1,-0.6,100,"sd","14:26:46",637700
71.2,-0.5,500,"bu","14:26:37",637600
71.2,-0.5,200,"bu","14:26:34",637100
71.2,-0.5,1000,"bu","14:26:24",636900
71.1,-0.6,2000,"sd","14:26:22",635900
71.1,-0.6,2000,"sd","14:26:02",633900
71.1,-0.6,500,"sd","14:25:28",631900
71.1,-0.6,500,"bu","14:24:40",631400
71.1,-0.6,500,"bu","14:24:24",630900
71,-0.7,5400,"sd","14:24:21",630400
71.1,-0.6,500,"bu","14:24:14",625000
71.1,-0.6,100,"bu","14:24:01",624500
71.1,-0.6,100,"bu","14:23:58",624400
71.1,-0.6,500,"bu","14:23:53",624300
71.1,-0.6,700,"sd","14:23:47",623800
71.1,-0.6,3000,"sd","14:23:26",623100
71.1,-0.6,5000,"sd","14:23:12",620100
71.2,-0.5,200,"bu","14:23:05",615100
71.2,-0.5,1000,"bu","14:22:53",614900
71.1,-0.6,2200,"bu","14:22:47",613900
71.1,-0.6,3000,"bu","14:22:46",611700
71.1,-0.6,500,"bu","14:22:43",608700
71.1,-0.6,1000,"bu","14:22:40",608200
71.1,-0.6,100,"bu","14:22:39",607200
71.1,-0.6,2000,"bu","14:22:34",607100
71,-0.7,900,"sd","14:22:12",605100
71,-0.7,200,"sd","14:21:49",604200
71.1,-0.6,200,"bu","14:21:30",604000
71,-0.7,1100,"sd","14:21:12",603800
71.1,-0.6,800,"bu","14:21:01",602700
71,-0.7,2000,"sd","14:20:58",601900
71.1,-0.6,100,"bu","14:20:47",599900
71.1,-0.6,100,"bu","14:20:32",599800
71.1,-0.6,2000,"sd","14:19:50",599700
71,-0.7,2000,"sd","14:18:41",597700
71.1,-0.6,8000,"sd","14:18:04",595700
71.1,-0.6,1000,"sd","14:17:49",587700
71.1,-0.6,300,"sd","14:17:17",586700
71.1,-0.6,100,"sd","14:17:10",586400
71.2,-0.5,2000,"sd","14:16:29",586300
71.3,-0.4,200,"bu","14:15:57",584300
71.2,-0.5,100,"sd","14:15:45",584100
71.2,-0.5,10000,"sd","14:15:34",584000
71.3,-0.4,1000,"bu","14:13:42",574000
71.3,-0.4,100,"sd","14:12:48",573000
71.3,-0.4,100,"sd","14:12:43",572900
71.3,-0.4,200,"sd","14:11:47",572800
71.3,-0.4,2000,"bu","14:10:37",572600
71.2,-0.5,100,"sd","14:09:11",570600
71.2,-0.5,100,"bu","14:08:49",570500
71.2,-0.5,200,"bu","14:08:26",570400
71.3,-0.4,5300,"bu","14:08:15",570200
71.2,-0.5,800,"bu","14:07:51",564900
71.2,-0.5,100,"sd","14:06:51",564100
71.2,-0.5,200,"bu","14:06:10",564000
71.2,-0.5,300,"sd","14:05:48",563800
71.2,-0.5,100,"sd","14:05:47",563500
71.2,-0.5,400,"bu","14:05:44",563400
71.2,-0.5,600,"sd","14:05:38",563000
71.2,-0.5,200,"sd","14:05:21",562400
71.2,-0.5,2200,"bu","14:05:21",562200
71.1,-0.6,200,"sd","14:05:03",560000
71.1,-0.6,1600,"sd","14:04:10",559800
71.1,-0.6,400,"sd","14:04:09",558200
71.1,-0.6,100,"bu","14:02:41",557800
71.1,-0.6,100,"bu","14:02:40",557700
71,-0.7,500,"bu","14:02:18",557600
71,-0.7,100,"bu","14:01:59",557100
71,-0.7,100,"bu","14:01:55",557000
71,-0.7,900,"bu","14:01:52",556900
71,-0.7,3400,"bu","14:01:48",556000
71,-0.7,2900,"bu","14:01:39",552600
71,-0.7,2100,"bu","14:01:39",549700
70.9,-0.8,4000,"sd","14:01:35",547600
71,-0.7,200,"bu","14:01:10",543600
71,-0.7,100,"bu","14:00:45",543400
71,-0.7,500,"bu","13:59:34",543300
71,-0.7,600,"bu","13:59:11",542800
70.9,-0.8,2400,"bu","13:58:05",542200
70.9,-0.8,1000,"bu","13:58:00",539800
70.9,-0.8,100,"sd","13:57:31",538800
70.9,-0.8,2000,"sd","13:57:25",538700
71,-0.7,1000,"bu","13:57:25",536700
70.9,-0.8,10000,"sd","13:57:04",535700
70.9,-0.8,800,"sd","13:57:02",525700
70.9,-0.8,2500,"sd","13:54:47",524900
70.9,-0.8,3000,"sd","13:54:35",522400
71,-0.7,100,"bu","13:53:53",519400
70.9,-0.8,1500,"sd","13:52:59",519300
71,-0.7,100,"bu","13:52:52",517800
70.9,-0.8,1800,"sd","13:52:43",517700
70.9,-0.8,300,"sd","13:52:27",515900
71,-0.7,10000,"bu","13:52:27",515600
71,-0.7,100,"bu","13:52:05",505600
71,-0.7,500,"bu","13:51:55",505500
71,-0.7,1000,"bu","13:51:13",505000
71,-0.7,54800,"sd","13:50:51",504000
71,-0.7,4600,"sd","13:50:50",449200
71.1,-0.6,2000,"sd","13:50:47",411600
71.2,-0.5,5000,"bu","13:50:11",409600
71.2,-0.5,1000,"bu","13:50:05",404600
71.2,-0.5,2200,"sd","13:49:26",403600
71.2,-0.5,2800,"bu","13:48:37",401400
71.2,-0.5,5000,"bu","13:46:08",398600
71.1,-0.6,100,"sd","13:44:04",393600
71.2,-0.5,3000,"bu","13:40:30",393500
71.2,-0.5,2000,"bu","13:40:14",390500
71.2,-0.5,100,"bu","13:39:42",388500
71.2,-0.5,100,"bu","13:39:15",388400
71.2,-0.5,500,"bu","13:39:08",388300
71.2,-0.5,300,"bu","13:38:53",387800
71.1,-0.6,600,"sd","13:38:37",387500
71.2,-0.5,600,"bu","13:38:23",386900
71.2,-0.5,200,"sd","13:36:43",386300
71.2,-0.5,1000,"sd","13:36:16",386100
71.2,-0.5,100,"sd","13:34:39",385100
71.2,-0.5,300,"sd","13:32:03",385000
71.3,-0.4,1700,"bu","13:31:56",384700
71.3,-0.4,300,"bu","13:30:55",383000
71.3,-0.4,1200,"sd","13:29:46",382700
71.3,-0.4,500,"sd","13:28:51",381500
71.3,-0.4,600,"sd","13:28:21",381000
71.3,-0.4,4700,"bu","13:27:35",380400
71.3,-0.4,2500,"bu","13:27:29",375700
71.3,-0.4,100,"bu","13:27:16",373200
71.3,-0.4,200,"bu","13:26:04",373100
71.2,-0.5,900,"bu","13:25:40",372900
71.2,-0.5,300,"bu","13:25:04",372000
71.2,-0.5,2000,"bu","13:24:49",371700
71.2,-0.5,1200,"bu","13:24:49",369700
71.2,-0.5,2900,"bu","13:24:29",368500
71.2,-0.5,500,"bu","13:24:03",365600
71.2,-0.5,2700,"sd","13:23:19",365100
71.2,-0.5,400,"sd","13:23:18",362400
71.2,-0.5,100,"bu","13:22:41",362000
71.2,-0.5,2000,"bu","13:22:38",361900
71.2,-0.5,900,"sd","13:22:30",359900
71.2,-0.5,2700,"sd","13:22:28",359000
71.2,-0.5,500,"sd","13:22:08",356300
71.2,-0.5,500,"bu","13:21:07",355800
71.2,-0.5,100,"bu","13:20:35",355300
71.2,-0.5,500,"bu","13:20:07",355200
71.2,-0.5,1300,"sd","13:18:31",354700
71.2,-0.5,1300,"sd","13:18:22",353400
71.2,-0.5,100,"sd","13:17:57",352100
71.2,-0.5,400,"bu","13:17:46",352000
71.1,-0.6,1300,"sd","13:17:40",351600
71.1,-0.6,300,"sd","13:16:25",350300
71.2,-0.5,500,"sd","13:15:58",350000
71.2,-0.5,100,"sd","13:15:36",349500
71.2,-0.5,1000,"sd","13:14:19",349400
71.2,-0.5,2400,"bu","13:14:08",348400
71.2,-0.5,1000,"bu","13:12:50",346000
71.2,-0.5,600,"sd","13:12:04",345000
71.2,-0.5,100,"sd","13:11:29",344400
71.2,-0.5,100,"sd","13:10:43",344300
71.2,-0.5,100,"bu","13:10:38",344200
71.2,-0.5,100,"bu","13:10:34",344100
71.2,-0.5,1000,"bu","13:10:17",344000
71.1,-0.6,500,"sd","13:09:56",343000
71.2,-0.5,200,"bu","13:09:51",342500
71.1,-0.6,700,"sd","13:09:12",342300
71.2,-0.5,900,"sd","13:08:35",341600
71.2,-0.5,2500,"sd","13:07:46",340700
71.2,-0.5,1900,"bu","13:07:33",338200
71.2,-0.5,500,"bu","13:07:23",336300
71.1,-0.6,200,"sd","13:07:23",335800
71.2,-0.5,500,"bu","13:06:53",335600
71.2,-0.5,700,"sd","13:06:00",335100
71.2,-0.5,100,"sd","13:05:53",334400
71.2,-0.5,2000,"sd","13:05:39",334300
71.2,-0.5,2300,"bu","13:04:58",332300
71.2,-0.5,600,"bu","13:04:53",330000
71.2,-0.5,1100,"sd","13:04:28",329400
71.2,-0.5,1400,"sd","13:04:20",328300
71.2,-0.5,4500,"bu","13:03:14",326900
71.2,-0.5,100,"bu","13:02:52",322400
71.2,-0.5,1200,"sd","13:02:49",322300
71.2,-0.5,400,"sd","13:01:20",321100
71.2,-0.5,300,"sd","13:01:05",320700
71.3,-0.4,100,"sd","13:00:47",320400
71.2,-0.5,1000,"sd","13:00:24",320300
71.2,-0.5,200,"sd","13:00:17",319300
71.4,-0.3,1700,"bu","13:00:13",319100
71.3,-0.4,5200,"bu","13:00:13",317400
71.2,-0.5,100,"sd","13:00:13",312200
71.2,-0.5,300,"sd","13:00:12",312100
71.2,-0.5,2000,"sd","13:00:09",311800
71.2,-0.5,1000,"sd","11:28:03",309800
71.3,-0.4,1000,"bu","11:27:50",308800
71.2,-0.5,100,"sd","11:25:53",307800
71.2,-0.5,500,"sd","11:25:19",307700
71.2,-0.5,200,"bu","11:22:48",307200
71.2,-0.5,2000,"bu","11:22:06",307000
71.2,-0.5,200,"bu","11:22:01",305000
71.2,-0.5,2000,"bu","11:19:38",304800
71.2,-0.5,500,"bu","11:19:25",302800
71.2,-0.5,1000,"bu","11:18:25",302300
71.1,-0.6,500,"sd","11:17:27",301300
71.1,-0.6,4500,"bu","11:12:38",300800
71.1,-0.6,500,"bu","11:11:34",296300
71,-0.7,500,"sd","11:11:07",295800
71,-0.7,2000,"sd","11:10:07",295300
71.1,-0.6,300,"bu","11:09:27",293300
71.1,-0.6,600,"sd","11:09:22",293000
71.1,-0.6,4000,"sd","11:09:14",292400
71.1,-0.6,1000,"sd","11:07:12",288400
71.1,-0.6,1000,"sd","11:06:35",287400
71.1,-0.6,800,"sd","11:03:56",286400
71.1,-0.6,1500,"sd","11:02:41",285600
71.1,-0.6,6000,"bu","10:57:42",284100
71.1,-0.6,200,"bu","10:57:20",278100
71.1,-0.6,100,"bu","10:56:58",277900
71.1,-0.6,100,"bu","10:56:39",277800
71.1,-0.6,100,"bu","10:56:22",277700
71,-0.7,7500,"sd","10:56:14",277600
71,-0.7,200,"sd","10:55:40",270100
71,-0.7,200,"sd","10:54:49",269900
71,-0.7,700,"sd","10:54:39",269700
71,-0.7,200,"sd","10:52:50",269000
71,-0.7,100,"sd","10:52:36",268800
71,-0.7,500,"sd","10:50:44",268700
71,-0.7,1300,"sd","10:50:43",268200
71,-0.7,100,"sd","10:48:51",266900
71,-0.7,100,"sd","10:48:45",266800
71,-0.7,100,"sd","10:48:40",266700
71,-0.7,100,"sd","10:48:28",266600
71,-0.7,100,"sd","10:48:25",266500
71.1,-0.6,2900,"bu","10:46:43",266400
71.1,-0.6,2700,"bu","10:46:19",263500
71,-0.7,200,"sd","10:45:03",260800
71.1,-0.6,400,"sd","10:44:49",260600
71.1,-0.6,100,"bu","10:43:20",260200
71.1,-0.6,100,"bu","10:43:04",260100
71.1,-0.6,200,"bu","10:42:53",260000
71.1,-0.6,1000,"bu","10:42:30",259800
71.1,-0.6,400,"bu","10:42:14",258800
71.1,-0.6,100,"bu","10:42:00",258400
71.1,-0.6,100,"bu","10:41:26",258300
71.1,-0.6,300,"sd","10:41:11",258200
71.1,-0.6,700,"bu","10:40:57",257900
71.1,-0.6,1000,"bu","10:40:46",257200
71,-0.7,100,"sd","10:39:26",256200
71.1,-0.6,300,"bu","10:38:32",256100
71,-0.7,900,"sd","10:38:20",255800
71.1,-0.6,200,"bu","10:37:51",254900
71.1,-0.6,100,"bu","10:37:44",254700
71.1,-0.6,200,"bu","10:37:34",254600
71.1,-0.6,100,"bu","10:37:02",254400
71.1,-0.6,400,"bu","10:36:46",254300
71.1,-0.6,200,"bu","10:35:39",253900
71.1,-0.6,100,"bu","10:35:33",253700
71,-0.7,1000,"sd","10:34:16",253600
71.1,-0.6,1300,"sd","10:34:02",252600
71.1,-0.6,200,"sd","10:33:46",251300
71.1,-0.6,500,"sd","10:33:41",251100
71.1,-0.6,600,"bu","10:32:18",250600
71.1,-0.6,300,"sd","10:31:58",250000
71.1,-0.6,300,"sd","10:31:57",249700
71.1,-0.6,100,"sd","10:31:44",249400
71.1,-0.6,300,"bu","10:31:42",249300
71.1,-0.6,200,"sd","10:31:08",249000
71.1,-0.6,8000,"sd","10:30:59",248800
71.1,-0.6,2000,"sd","10:29:34",240800
71.2,-0.5,2000,"bu","10:29:19",238800
71.1,-0.6,100,"sd","10:29:05",236800
71.2,-0.5,5000,"bu","10:29:03",236700
71.2,-0.5,100,"bu","10:27:11",231700
71.1,-0.6,500,"sd","10:27:10",231600
71.1,-0.6,2000,"sd","10:26:21",231100
71.1,-0.6,800,"sd","10:25:25",229100
71.2,-0.5,100,"bu","10:23:47",228300
71.1,-0.6,1000,"sd","10:23:32",228200
71.2,-0.5,100,"bu","10:22:07",227200
71.2,-0.5,200,"bu","10:21:28",227100
71.2,-0.5,100,"bu","10:20:58",226900
71.2,-0.5,5000,"bu","10:20:42",226800
71.1,-0.6,100,"sd","10:20:38",221800
71.2,-0.5,1000,"bu","10:19:40",221700
71.2,-0.5,100,"bu","10:19:03",220700
71.1,-0.6,1000,"sd","10:18:14",220600
71.2,-0.5,700,"sd","10:18:06",219600
71.2,-0.5,200,"sd","10:17:53",218900
71.2,-0.5,300,"bu","10:17:51",218700
71.2,-0.5,2700,"sd","10:17:44",218400
71.2,-0.5,7300,"bu","10:17:11",215700
71.2,-0.5,200,"bu","10:16:54",208400
71.2,-0.5,400,"bu","10:16:53",208200
71.1,-0.6,1100,"sd","10:16:21",207800
71.1,-0.6,1500,"sd","10:15:53",206700
71.1,-0.6,3000,"sd","10:15:45",205200
71.1,-0.6,2200,"bu","10:14:50",202200
71.1,-0.6,100,"bu","10:14:39",200000
71.1,-0.6,500,"sd","10:14:32",199900
71.1,-0.6,500,"bu","10:14:23",199400
71,-0.7,5600,"sd","10:14:02",198900
71,-0.7,500,"sd","10:14:02",193300
71.1,-0.6,100,"bu","10:14:02",192800
71.1,-0.6,100,"bu","10:14:01",192700
71.1,-0.6,100,"bu","10:13:54",192600
71.1,-0.6,1000,"bu","10:13:51",192500
71.1,-0.6,200,"sd","10:13:31",191500
71.1,-0.6,10000,"sd","10:13:26",191300
71.1,-0.6,2000,"sd","10:13:24",181300
71.1,-0.6,600,"sd","10:13:17",179300
71.1,-0.6,18000,"sd","10:13:01",178700
71.2,-0.5,700,"bu","10:12:33",160700
71.2,-0.5,100,"bu","10:12:16",160000
71.2,-0.5,1000,"bu","10:11:47",159900
71.2,-0.5,500,"bu","10:11:43",158900
71.2,-0.5,1000,"bu","10:11:00",158400
71.2,-0.5,100,"bu","10:10:28",157400
71.1,-0.6,2400,"sd","10:09:56",157300
71.1,-0.6,1600,"sd","10:09:53",154900
71.1,-0.6,100,"sd","10:09:50",153300
71.1,-0.6,5000,"sd","10:09:23",153200
71.2,-0.5,1000,"bu","10:09:12",148200
71.2,-0.5,200,"bu","10:09:03",147200
71.2,-0.5,1000,"bu","10:08:57",147000
71.2,-0.5,100,"bu","10:08:41",146000
71.2,-0.5,1000,"bu","10:08:31",145900
71.1,-0.6,100,"sd","10:07:45",144900
71.1,-0.6,1000,"sd","10:07:37",144800
71.2,-0.5,1000,"bu","10:06:47",143800
71.1,-0.6,2000,"sd","10:06:46",142800
71.1,-0.6,2800,"sd","10:06:13",140800
71.2,-0.5,500,"bu","10:06:10",138000
71.1,-0.6,1500,"sd","10:06:04",137500
71.2,-0.5,100,"bu","10:05:04",136000
71.2,-0.5,100,"bu","10:04:53",135900
71.2,-0.5,500,"bu","10:04:43",135800
71.2,-0.5,2100,"sd","10:04:19",135300
71.3,-0.4,2000,"bu","10:03:16",133200
71.2,-0.5,1000,"sd","10:03:01",131200
71.2,-0.5,5000,"sd","10:02:23",130200
71.3,-0.4,200,"bu","10:01:57",125200
71.2,-0.5,100,"sd","10:00:43",125000
71.2,-0.5,4000,"bu","10:00:31",124900
71.2,-0.5,500,"bu","10:00:29",120900
71.2,-0.5,500,"bu","10:00:00",120400
71.2,-0.5,5200,"sd","09:59:55",119900
71.3,-0.4,1000,"bu","09:59:41",114700
71.3,-0.4,1000,"bu","09:59:14",113700
71.3,-0.4,1000,"bu","09:58:42",112700
71.3,-0.4,200,"bu","09:58:32",111700
71.3,-0.4,800,"sd","09:58:24",111500
71.3,-0.4,2000,"sd","09:58:10",110700
71.3,-0.4,400,"sd","09:58:01",108700
71.3,-0.4,7300,"bu","09:57:39",108300
71.2,-0.5,1000,"sd","09:57:34",101000
71.2,-0.5,2000,"sd","09:57:26",100000
71.2,-0.5,1200,"bu","09:56:31",98000
71.1,-0.6,300,"sd","09:56:30",96800
71.1,-0.6,10000,"sd","09:56:24",96500
71.2,-0.5,100,"bu","09:56:22",86500
71.2,-0.5,100,"bu","09:56:18",86400
71.2,-0.5,100,"bu","09:56:15",86300
71.2,-0.5,600,"bu","09:56:14",86200
71.2,-0.5,500,"bu","09:55:57",85600
71.2,-0.5,100,"bu","09:55:35",85100
71.2,-0.5,1000,"bu","09:55:28",85000
71.2,-0.5,100,"bu","09:55:22",84000
71.2,-0.5,500,"bu","09:53:46",83900
71.2,-0.5,100,"bu","09:53:18",83400
71.1,-0.6,5000,"sd","09:53:16",83300
71.1,-0.6,300,"sd","09:53:05",78300
71.2,-0.5,100,"bu","09:52:54",78000
71.2,-0.5,400,"sd","09:52:53",77900
71.2,-0.5,1500,"sd","09:52:40",77500
71.2,-0.5,1000,"sd","09:52:35",76000
71.2,-0.5,1000,"sd","09:52:27",75000
71.2,-0.5,1500,"sd","09:52:19",74000
71.2,-0.5,2000,"bu","09:52:07",72500
71.2,-0.5,600,"sd","09:51:29",70500
71.2,-0.5,100,"bu","09:51:20",69900
71.2,-0.5,500,"sd","09:51:12",69800
71.2,-0.5,2000,"sd","09:51:06",69300
71.2,-0.5,1500,"sd","09:50:58",67300
71.2,-0.5,10000,"sd","09:50:57",65800
71.2,-0.5,600,"sd","09:50:14",55800
71.2,-0.5,500,"sd","09:50:10",55200
71.2,-0.5,600,"sd","09:50:01",54700
71.3,-0.4,100,"bu","09:49:08",54100
71.3,-0.4,10600,"sd","09:48:39",54000
71.3,-0.4,100,"sd","09:48:06",43400
71.3,-0.4,3000,"sd","09:47:38",43300
71.4,-0.3,100,"bu","09:46:28",40300
71.3,-0.4,200,"sd","09:46:24",40200
71.4,-0.3,100,"bu","09:46:20",40000
71.4,-0.3,600,"bu","09:45:47",39900
71.4,-0.3,100,"bu","09:45:21",39300
71.4,-0.3,100,"sd","09:45:13",39200
71.4,-0.3,100,"sd","09:45:03",39100
71.4,-0.3,1000,"sd","09:44:51",39000
71.4,-0.3,1000,"sd","09:44:06",38000
71.4,-0.3,2500,"sd","09:43:09",37000
71.4,-0.3,500,"sd","09:42:28",34500
71.4,-0.3,500,"sd","09:39:26",34000
71.5,-0.2,200,"bu","09:39:01",33500
71.5,-0.2,2900,"sd","09:38:37",33300
71.5,-0.2,2000,"sd","09:38:00",30400
71.5,-0.2,5000,"sd","09:36:29",28400
71.5,-0.2,300,"sd","09:35:40",23400
71.5,-0.2,1000,"sd","09:34:58",23100
71.5,-0.2,300,"sd","09:34:38",22100
71.6,-0.1,100,"bu","09:34:23",21800
71.5,-0.2,600,"sd","09:33:51",21700
71.5,-0.2,300,"sd","09:32:30",21100
71.5,-0.2,1000,"bu","09:31:48",20800
71.5,-0.2,200,"sd","09:31:24",19800
71.5,-0.2,200,"sd","09:30:48",19600
71.5,-0.2,500,"bu","09:30:18",19400
71.4,-0.3,200,"sd","09:30:11",18900
71.5,-0.2,1000,"bu","09:30:10",18700
71.5,-0.2,1000,"bu","09:30:03",17700
71.5,-0.2,200,"bu","09:29:23",16700
71.4,-0.3,500,"sd","09:29:06",16500
71.5,-0.2,400,"bu","09:28:48",16000
71.5,-0.2,100,"bu","09:28:22",15600
71.5,-0.2,100,"bu","09:27:53",15500
71.4,-0.3,100,"sd","09:27:20",15400
71.4,-0.3,200,"bu","09:24:49",15300
71.4,-0.3,200,"bu","09:24:48",15100
71.4,-0.3,100,"bu","09:24:46",14900
71.4,-0.3,500,"bu","09:24:45",14800
71.4,-0.3,100,"bu","09:24:31",14300
71.4,-0.3,1000,"bu","09:24:06",14200
71.4,-0.3,500,"bu","09:23:18",13200
71.4,-0.3,100,"bu","09:23:01",12700
71.3,-0.4,300,"sd","09:22:29",12600
71.4,-0.3,500,"bu","09:22:29",12300
71.4,-0.3,300,"sd","09:22:08",11800
71.4,-0.3,400,"sd","09:21:40",11500
71.5,-0.2,300,"bu","09:21:28",11100
71.5,-0.2,100,"bu","09:21:02",10800
71.4,-0.3,100,"bu","09:20:19",10700
71.4,-0.3,400,"sd","09:19:58",10600
71.4,-0.3,600,"bu","09:19:41",10200
71.4,-0.3,100,"bu","09:19:31",9600
71.3,-0.4,700,"sd","09:19:19",9500
71.4,-0.3,500,"bu","09:19:17",8800
71.4,-0.3,100,"bu","09:19:11",8300
71.3,-0.4,900,"sd","09:18:20",8200
71.4,-0.3,100,"bu","09:18:15",7300
71.4,-0.3,300,"sd","09:18:10",7200
71.4,-0.3,500,"sd","09:18:09",6900
71.4,-0.3,500,"sd","09:17:48",6400
71.5,-0.2,2300,"sd","09:17:42",5900
71.5,-0.2,500,"sd","09:15:41",3600
71.5,-0.2,100,"bu","09:15:31",3100
71.4,-0.3,3000,"","09:15:00",3000
