"price","change","match_qtty","side","time","total_vol"
27.8,0.05,992100,"","14:45:01",17333400
27.8,0.05,300,"sd","14:29:59",16341300
27.85,0.1,14300,"bu","14:29:55",16341000
27.8,0.05,100,"sd","14:29:53",16326700
27.8,0.05,700,"sd","14:29:50",16326600
27.8,0.05,51000,"sd","14:29:49",16325900
27.85,0.1,2000,"bu","14:29:47",16274900
27.8,0.05,600,"sd","14:29:46",16272900
27.8,0.05,200,"sd","14:29:44",16272300
27.85,0.1,4400,"bu","14:29:41",16272100
27.8,0.05,5000,"sd","14:29:40",16267700
27.8,0.05,2000,"sd","14:29:38",16262700
27.85,0.1,200,"bu","14:29:38",16260700
27.85,0.1,1000,"bu","14:29:36",16260500
27.85,0.1,200,"bu","14:29:31",16259500
27.85,0.1,600,"bu","14:29:30",16259300
27.8,0.05,300,"sd","14:29:30",16258700
27.85,0.1,100,"bu","14:29:28",16258400
27.85,0.1,100,"bu","14:29:26",16258300
27.85,0.1,12000,"bu","14:29:25",16258200
27.8,0.05,200,"sd","14:29:25",16246200
27.8,0.05,14300,"sd","14:29:25",16246000
27.85,0.1,200,"bu","14:29:24",16231700
27.8,0.05,50300,"sd","14:29:23",16231500
27.85,0.1,100,"bu","14:29:22",16181200
27.85,0.1,200,"bu","14:29:21",16181100
27.8,0.05,200,"sd","14:29:21",16180900
27.85,0.1,100000,"bu","14:29:20",16180700
27.85,0.1,200,"bu","14:29:19",16080700
27.85,0.1,100,"bu","14:29:18",16080500
27.8,0.05,1000,"sd","14:29:18",16080400
27.8,0.05,1300,"sd","14:29:16",16079400
27.85,0.1,200,"bu","14:29:15",16078100
27.8,0.05,9200,"sd","14:29:15",16077900
27.85,0.1,5000,"bu","14:29:14",16068700
27.85,0.1,200,"bu","14:29:13",16063700
27.85,0.1,100,"bu","14:29:11",16063500
27.8,0.05,500,"sd","14:29:11",16063400
27.85,0.1,300,"bu","14:29:10",16062900
27.8,0.05,200,"sd","14:29:10",16062600
27.85,0.1,200,"bu","14:29:09",16062400
27.8,0.05,900,"sd","14:29:08",16062200
27.85,0.1,200,"bu","14:29:07",16061300
27.8,0.05,10000,"sd","14:29:07",16061100
27.85,0.1,600,"bu","14:29:06",16051100
27.85,0.1,100,"bu","14:29:05",16050500
27.8,0.05,10000,"sd","14:29:05",16050400
27.85,0.1,100,"bu","14:29:05",16040400
27.8,0.05,200,"sd","14:29:05",16040300
27.85,0.1,200,"bu","14:29:03",16040100
27.85,0.1,300,"bu","14:29:02",16039900
27.85,0.1,100,"bu","14:29:01",16039600
27.8,0.05,200,"sd","14:29:00",16039500
27.85,0.1,200,"bu","14:28:59",16039300
27.8,0.05,4000,"sd","14:28:59",16039100
27.85,0.1,1000,"bu","14:28:58",16035100
27.85,0.1,4200,"bu","14:28:57",16034100
27.8,0.05,500,"sd","14:28:57",16029900
27.85,0.1,100,"bu","14:28:55",16029400
27.8,0.05,300,"sd","14:28:55",16029300
27.85,0.1,200,"bu","14:28:53",16029000
27.85,0.1,100,"bu","14:28:51",16028800
27.8,0.05,200,"sd","14:28:51",16028700
27.85,0.1,200,"bu","14:28:49",16028500
27.85,0.1,200,"bu","14:28:46",16028300
27.8,0.05,200,"sd","14:28:46",16028100
27.85,0.1,100,"bu","14:28:44",16027900
27.85,0.1,200,"bu","14:28:42",16027800
27.8,0.05,200,"sd","14:28:41",16027600
27.85,0.1,100,"bu","14:28:40",16027400
27.85,0.1,200,"bu","14:28:38",16027300
27.8,0.05,2000,"sd","14:28:36",16027100
27.85,0.1,3200,"bu","14:28:36",16025100
27.8,0.05,300,"sd","14:28:36",16021900
27.85,0.1,100,"bu","14:28:34",16021600
27.85,0.1,200,"bu","14:28:32",16021500
27.8,0.05,100,"sd","14:28:32",16021300
27.8,0.05,200,"sd","14:28:31",16021200
27.85,0.1,200,"bu","14:28:30",16021000
27.85,0.1,100,"bu","14:28:28",16020800
27.85,0.1,2200,"bu","14:28:26",16020700
27.8,0.05,200,"sd","14:28:26",16018500
27.85,0.1,100,"bu","14:28:24",16018300
27.85,0.1,200,"bu","14:28:22",16018200
27.8,0.05,200,"sd","14:28:21",16018000
27.85,0.1,200,"bu","14:28:19",16017800
27.85,0.1,100,"bu","14:28:17",16017600
27.8,0.05,300,"sd","14:28:16",16017500
27.85,0.1,200,"bu","14:28:15",16017200
27.85,0.1,100,"bu","14:28:13",16017000
27.85,0.1,400,"bu","14:28:11",16016900
27.8,0.05,200,"sd","14:28:10",16016500
27.85,0.1,13400,"bu","14:28:09",16016300
27.85,0.1,100,"bu","14:28:07",16002900
27.8,0.05,200,"sd","14:28:06",16002800
27.85,0.1,200,"bu","14:28:05",16002600
27.85,0.1,100,"bu","14:28:03",16002400
27.8,0.05,2000,"sd","14:28:02",16002300
27.85,0.1,500,"bu","14:28:02",16000300
27.85,0.1,600,"bu","14:28:01",15999800
27.8,0.05,300,"sd","14:28:01",15999200
27.85,0.1,3400,"sd","14:28:00",15998900
27.9,0.15,200,"bu","14:27:59",15995500
27.85,0.1,2600,"sd","14:27:57",15995300
27.9,0.15,100,"bu","14:27:57",15992700
27.85,0.1,200,"sd","14:27:56",15992600
27.9,0.15,200,"bu","14:27:56",15992400
27.85,0.1,2500,"sd","14:27:54",15992200
27.9,0.15,200,"bu","14:27:53",15989700
27.85,0.1,300,"sd","14:27:53",15989500
27.85,0.1,200,"sd","14:27:51",15989200
27.9,0.15,100,"bu","14:27:50",15989000
27.9,0.15,200,"bu","14:27:48",15988900
27.9,0.15,100,"bu","14:27:46",15988700
27.85,0.1,200,"sd","14:27:46",15988600
27.9,0.15,1400,"bu","14:27:45",15958400
27.9,0.15,200,"bu","14:27:44",15957000
27.85,0.1,2000,"sd","14:27:43",15956800
27.9,0.15,200,"bu","14:27:42",15954800
27.85,0.1,1000,"sd","14:27:42",15954600
27.9,0.15,5300,"bu","14:27:42",15953600
27.85,0.1,1000,"sd","14:27:42",15948300
27.9,0.15,15900,"bu","14:27:41",15947300
27.85,0.1,300,"sd","14:27:41",15931400
27.9,0.15,100,"bu","14:27:40",15931100
27.9,0.15,45000,"bu","14:27:39",15931000
27.9,0.15,200,"bu","14:27:38",15886000
27.85,0.1,50200,"sd","14:27:37",15885800
27.9,0.15,100,"bu","14:27:36",15835600
27.85,0.1,100,"sd","14:27:36",15835500
27.85,0.1,500,"sd","14:27:35",15835400
27.9,0.15,200,"bu","14:27:34",15834900
27.9,0.15,200,"bu","14:27:32",15834700
27.85,0.1,200,"sd","14:27:32",15834500
27.9,0.15,100,"bu","14:27:30",15834300
27.9,0.15,200,"bu","14:27:28",15834200
27.9,0.15,1100,"bu","14:27:27",15834000
27.85,0.1,200,"sd","14:27:27",15832900
27.9,0.15,100,"bu","14:27:26",15832700
27.85,0.1,1800,"sd","14:27:26",15832600
27.9,0.15,100,"bu","14:27:24",15830800
27.85,0.1,3000,"sd","14:27:24",15830700
27.9,0.15,200,"bu","14:27:23",15827700
27.85,0.1,300,"sd","14:27:22",15827500
27.9,0.15,30000,"bu","14:27:22",15827200
27.9,0.15,15900,"bu","14:27:22",15797200
27.9,0.15,200,"bu","14:27:21",15781300
27.9,0.15,100,"bu","14:27:19",15781100
27.9,0.15,5300,"bu","14:27:19",15781000
27.9,0.15,200,"bu","14:27:17",15775700
27.85,0.1,200,"sd","14:27:17",15775500
27.9,0.15,100,"bu","14:27:15",15775300
27.9,0.15,100,"bu","14:27:14",15775200
27.9,0.15,200,"bu","14:27:13",15775100
27.85,0.1,200,"sd","14:27:12",15774900
27.9,0.15,200,"bu","14:27:11",15774700
27.9,0.15,100,"bu","14:27:09",15774500
27.9,0.15,200,"bu","14:27:07",15774400
27.85,0.1,200,"sd","14:27:07",15774200
27.9,0.15,200,"bu","14:27:06",15774000
27.9,0.15,100,"bu","14:27:03",15773800
27.85,0.1,300,"sd","14:27:03",15773700
27.85,0.1,30300,"sd","14:27:01",15773400
27.9,0.15,200,"bu","14:27:01",15743100
27.9,0.15,35400,"bu","14:27:00",15742900
27.9,0.15,5300,"bu","14:27:00",15707500
27.85,0.1,2000,"sd","14:26:59",15702200
27.9,0.15,200,"bu","14:26:57",15700200
27.85,0.1,200,"sd","14:26:57",15700000
27.9,0.15,200,"bu","14:26:54",15699800
27.9,0.15,100,"bu","14:26:52",15699600
27.85,0.1,200,"sd","14:26:52",15699500
27.85,0.1,30000,"sd","14:26:51",15699300
27.9,0.15,200,"bu","14:26:50",15669300
27.85,0.1,10000,"sd","14:26:50",15669100
27.9,0.15,100,"bu","14:26:48",15659100
27.85,0.1,300,"sd","14:26:47",15659000
27.9,0.15,200,"bu","14:26:46",15658700
27.85,0.1,5000,"sd","14:26:45",15658500
27.9,0.15,200,"bu","14:26:44",15653500
27.9,0.15,100,"bu","14:26:42",15653300
27.85,0.1,200,"sd","14:26:42",15653200
27.9,0.15,200,"bu","14:26:40",15653000
27.9,0.15,100,"bu","14:26:38",15652800
27.85,0.1,200,"sd","14:26:37",15652700
27.9,0.15,200,"bu","14:26:36",15652500
27.85,0.1,7000,"bu","14:26:36",15652300
27.85,0.1,5100,"bu","14:26:35",15645300
27.85,0.1,200,"bu","14:26:34",15640200
27.85,0.1,14500,"bu","14:26:32",15640000
27.8,0.05,200,"sd","14:26:32",15625500
27.85,0.1,10900,"bu","14:26:32",15625300
27.85,0.1,16000,"bu","14:26:31",15614400
27.85,0.1,200,"bu","14:26:30",15598400
27.85,0.1,35000,"bu","14:26:29",15598200
27.85,0.1,3400,"bu","14:26:28",15563200
27.85,0.1,200,"bu","14:26:27",15559800
27.8,0.05,300,"sd","14:26:27",15559600
27.85,0.1,3900,"bu","14:26:26",15559300
27.85,0.1,5200,"bu","14:26:25",15555400
27.85,0.1,5600,"bu","14:26:24",15550200
27.85,0.1,18300,"bu","14:26:23",15544600
27.85,0.1,2000,"bu","14:26:22",15526300
27.8,0.05,200,"sd","14:26:22",15524300
27.85,0.1,100,"bu","14:26:21",15524100
27.85,0.1,5300,"bu","14:26:20",15524000
27.85,0.1,200,"bu","14:26:19",15518700
27.85,0.1,1100,"bu","14:26:18",15518500
27.8,0.05,200,"sd","14:26:18",15517400
27.85,0.1,400,"bu","14:26:17",15517200
27.85,0.1,100,"bu","14:26:15",15516800
27.85,0.1,1000,"bu","14:26:14",15516700
27.85,0.1,200,"bu","14:26:13",15515700
27.8,0.05,200,"sd","14:26:13",15515500
27.85,0.1,100,"bu","14:26:11",15515300
27.85,0.1,500,"bu","14:26:10",15515200
27.85,0.1,24700,"bu","14:26:09",15514700
27.8,0.05,300,"sd","14:26:08",15490000
27.85,0.1,200,"bu","14:26:07",15489700
27.85,0.1,100,"bu","14:26:06",15489500
27.85,0.1,21000,"bu","14:26:05",15489400
27.85,0.1,200,"bu","14:26:03",15468400
27.8,0.05,200,"sd","14:26:03",15468200
27.85,0.1,700,"bu","14:26:03",15468000
27.85,0.1,100,"bu","14:26:01",15467300
27.85,0.1,1100,"bu","14:26:00",15467200
27.85,0.1,200,"bu","14:25:58",15466100
27.8,0.05,200,"sd","14:25:58",15465900
27.85,0.1,3500,"bu","14:25:56",15465700
27.85,0.1,200,"bu","14:25:56",15462200
27.85,0.1,100,"bu","14:25:55",15462000
27.85,0.1,1400,"bu","14:25:54",15461900
27.85,0.1,7500,"bu","14:25:53",15460500
27.8,0.05,300,"sd","14:25:53",15453000
27.85,0.1,200,"bu","14:25:52",15452700
27.85,0.1,31500,"bu","14:25:52",15452500
27.85,0.1,200,"bu","14:25:50",15421000
27.85,0.1,100,"bu","14:25:48",15420800
27.8,0.05,200,"sd","14:25:48",15420700
27.85,0.1,200,"bu","14:25:46",15420500
27.85,0.1,1000,"bu","14:25:45",15420300
27.85,0.1,100,"bu","14:25:44",15419300
27.8,0.05,200,"sd","14:25:43",15419200
27.85,0.1,700,"bu","14:25:42",15419000
27.85,0.1,2000,"bu","14:25:42",15418300
27.85,0.1,200,"bu","14:25:40",15416300
27.85,0.1,2200,"bu","14:25:39",15416100
27.85,0.1,3100,"bu","14:25:39",15413900
27.85,0.1,100,"bu","14:25:38",15410800
27.85,0.1,1000,"bu","14:25:38",15410700
27.8,0.05,200,"sd","14:25:38",15409700
27.85,0.1,200,"bu","14:25:36",15409500
27.85,0.1,1200,"bu","14:25:36",15409300
27.85,0.1,700,"bu","14:25:34",15408100
27.8,0.05,300,"sd","14:25:33",15407400
27.85,0.1,200,"bu","14:25:31",15407100
27.85,0.1,200,"bu","14:25:29",15406900
27.8,0.05,200,"sd","14:25:28",15406700
27.8,0.05,1000,"sd","14:25:27",15406500
27.85,0.1,100,"bu","14:25:27",15405500
27.85,0.1,10000,"bu","14:25:27",15405400
27.85,0.1,200,"bu","14:25:25",15395400
27.8,0.05,200,"sd","14:25:24",15395200
27.85,0.1,100,"bu","14:25:23",15395000
27.8,0.05,135600,"bu","14:25:22",15394900
27.8,0.05,600,"bu","14:25:21",15259300
27.8,0.05,200,"bu","14:25:19",15258700
27.8,0.05,500,"bu","14:25:18",15258500
27.75,0,200,"sd","14:25:18",15258000
27.8,0.05,1600,"bu","14:25:17",15257800
27.8,0.05,35600,"bu","14:25:15",15256200
27.8,0.05,200,"bu","14:25:13",15220600
27.75,0,300,"sd","14:25:13",15220400
27.8,0.05,100,"bu","14:25:11",15220100
27.8,0.05,200,"bu","14:25:10",15220000
27.8,0.05,1200,"bu","14:25:09",15219800
27.8,0.05,200,"bu","14:25:08",15218600
27.75,0,5200,"sd","14:25:08",15218400
27.8,0.05,100,"bu","14:25:07",15213200
27.8,0.05,4000,"bu","14:25:06",15213100
27.8,0.05,2200,"bu","14:25:05",15209100
27.75,0,200,"sd","14:25:04",15206900
27.8,0.05,200,"bu","14:25:02",15206700
27.8,0.05,100,"bu","14:25:01",15206500
27.8,0.05,10900,"bu","14:25:00",15206400
27.8,0.05,5400,"bu","14:24:59",15195500
27.75,0,300,"sd","14:24:59",15190100
27.8,0.05,200,"bu","14:24:58",15189800
27.8,0.05,11000,"bu","14:24:56",15189600
27.8,0.05,15900,"bu","14:24:55",15178600
27.75,0,10000,"sd","14:24:55",15162700
27.8,0.05,5500,"bu","14:24:54",15152700
27.75,0,200,"sd","14:24:54",15147200
27.8,0.05,200,"bu","14:24:52",15147000
27.8,0.05,100,"bu","14:24:50",15146800
27.75,0,30200,"sd","14:24:49",15146700
27.8,0.05,700,"bu","14:24:48",15116500
27.8,0.05,100,"bu","14:24:46",15115800
27.8,0.05,18900,"bu","14:24:45",15115700
27.75,0,20000,"sd","14:24:44",15096800
27.8,0.05,200,"bu","14:24:44",15076800
27.75,0,200,"sd","14:24:44",15076600
27.8,0.05,100,"bu","14:24:43",15076400
27.8,0.05,200,"bu","14:24:42",15076300
27.8,0.05,100,"bu","14:24:40",15076100
27.8,0.05,200,"bu","14:24:39",15076000
27.8,0.05,200,"bu","14:24:38",15075500
27.8,0.05,25200,"bu","14:24:35",15075300
27.8,0.05,15900,"bu","14:24:34",15050100
27.75,0,200,"sd","14:24:34",15034200
27.8,0.05,100,"bu","14:24:33",15034000
27.8,0.05,200,"bu","14:24:31",15033900
27.8,0.05,100,"bu","14:24:29",15033700
27.75,0,200,"sd","14:24:29",15033600
27.8,0.05,200,"bu","14:24:27",15033400
27.8,0.05,200,"bu","14:24:25",15033200
27.75,0,200,"sd","14:24:24",15033000
27.8,0.05,100,"bu","14:24:23",15032800
27.8,0.05,200,"bu","14:24:21",15032700
27.8,0.05,100,"bu","14:24:19",15032500
27.75,0,300,"sd","14:24:19",15032400
27.8,0.05,10800,"bu","14:24:18",15032100
27.8,0.05,5600,"bu","14:24:17",15021300
27.8,0.05,1000,"bu","14:24:16",15015700
27.8,0.05,200,"bu","14:24:15",15014700
27.75,0,200,"sd","14:24:14",15014500
27.8,0.05,100,"bu","14:24:13",15014300
27.75,0,19600,"sd","14:24:11",15014200
27.8,0.05,200,"bu","14:24:11",14994600
27.8,0.05,100,"bu","14:24:09",14994400
27.75,0,200,"sd","14:24:09",14994300
27.8,0.05,200,"bu","14:24:06",14994100
27.8,0.05,200,"bu","14:24:04",14993900
27.75,0,300,"sd","14:24:04",14993700
27.8,0.05,100,"bu","14:24:03",14993400
27.8,0.05,200,"bu","14:24:00",14993300
27.8,0.05,2000,"bu","14:23:59",14993100
27.75,0,1400,"sd","14:23:58",14991100
27.8,0.05,100,"bu","14:23:58",14989700
27.8,0.05,200,"bu","14:23:56",14989600
27.8,0.05,200,"bu","14:23:55",14989400
27.75,0,200,"sd","14:23:54",14989200
27.8,0.05,100,"bu","14:23:52",14989000
27.8,0.05,200,"bu","14:23:50",14988900
27.75,0,1200,"sd","14:23:50",14988700
27.8,0.05,1100,"bu","14:23:49",14987500
27.8,0.05,200,"bu","14:23:48",14986400
27.8,0.05,100,"bu","14:23:46",14986200
27.75,0,300,"sd","14:23:45",14986100
27.8,0.05,22700,"bu","14:23:44",14985800
27.8,0.05,100,"bu","14:23:42",14963100
27.75,0,4700,"sd","14:23:41",14963000
27.75,0,200,"sd","14:23:40",14958300
27.8,0.05,1100,"bu","14:23:39",14958100
27.75,0,5000,"sd","14:23:39",14957000
27.8,0.05,5300,"bu","14:23:38",14952000
27.8,0.05,200,"bu","14:23:37",14946700
27.8,0.05,100,"bu","14:23:36",14946500
27.75,0,200,"sd","14:23:35",14946400
27.8,0.05,200,"bu","14:23:33",14946200
27.8,0.05,800,"bu","14:23:32",14946000
27.8,0.05,100,"bu","14:23:31",14945200
27.8,0.05,200,"bu","14:23:30",14945100
27.75,0,200,"sd","14:23:30",14944900
27.8,0.05,200,"bu","14:23:29",14944700
27.8,0.05,200,"bu","14:23:28",14944500
27.8,0.05,100,"bu","14:23:25",14944300
27.75,0,300,"sd","14:23:25",14944200
27.8,0.05,200,"bu","14:23:23",14943900
27.8,0.05,100,"bu","14:23:21",14943700
27.8,0.05,200,"bu","14:23:20",14943600
27.75,0,200,"sd","14:23:20",14943400
27.8,0.05,600,"bu","14:23:19",14943200
27.8,0.05,5600,"bu","14:23:17",14942600
27.8,0.05,100,"bu","14:23:15",14937000
27.75,0,200,"sd","14:23:15",14936900
27.8,0.05,200,"bu","14:23:13",14936700
27.8,0.05,5000,"bu","14:23:11",14936500
27.8,0.05,200,"bu","14:23:10",14931500
27.75,0,200,"sd","14:23:10",14931300
27.8,0.05,100,"bu","14:23:08",14931100
27.8,0.05,200,"bu","14:23:06",14931000
27.8,0.05,500,"bu","14:23:05",14930800
27.75,0,300,"sd","14:23:05",14930300
27.8,0.05,1100,"bu","14:23:04",14930000
27.8,0.05,200,"bu","14:23:02",14928900
27.75,0,5000,"sd","14:23:01",14928700
27.8,0.05,200,"bu","14:23:00",14923700
27.75,0,200,"sd","14:22:59",14923500
27.8,0.05,100,"bu","14:22:58",14923300
27.8,0.05,100,"bu","14:22:56",14923200
27.8,0.05,200,"bu","14:22:56",14923100
27.75,0,200,"sd","14:22:55",14922900
27.8,0.05,100,"bu","14:22:54",14922700
27.8,0.05,200,"bu","14:22:52",14922600
27.8,0.05,200,"bu","14:22:50",14922400
27.75,0,300,"sd","14:22:50",14922200
27.8,0.05,100,"bu","14:22:48",14921900
27.75,0,2500,"sd","14:22:48",14921800
27.8,0.05,200,"bu","14:22:46",14919300
27.75,0,200,"sd","14:22:45",14919100
27.8,0.05,5000,"bu","14:22:44",14918900
27.8,0.05,4400,"bu","14:22:43",14913900
27.8,0.05,600,"bu","14:22:42",14909500
27.75,0,30200,"sd","14:22:40",14907700
27.8,0.05,1800,"bu","14:22:39",14837500
27.8,0.05,100,"bu","14:22:37",14835700
27.8,0.05,200,"bu","14:22:35",14835600
27.75,0,200,"sd","14:22:35",14835400
27.8,0.05,200,"bu","14:22:34",14835200
27.8,0.05,3100,"bu","14:22:33",14835000
27.8,0.05,100,"bu","14:22:31",14831900
27.75,0,300,"sd","14:22:31",14831800
27.8,0.05,1000,"bu","14:22:31",14831500
27.8,0.05,200,"bu","14:22:29",14830500
27.75,0,30000,"sd","14:22:29",14830300
27.8,0.05,11200,"bu","14:22:28",14800300
27.8,0.05,100,"bu","14:22:27",14789100
27.75,0,200,"sd","14:22:26",14789000
27.8,0.05,200,"bu","14:22:25",14788800
27.8,0.05,10000,"bu","14:22:24",14788600
27.8,0.05,20000,"bu","14:22:24",14778600
27.8,0.05,200,"bu","14:22:23",14758600
27.8,0.05,5100,"bu","14:22:21",14758400
27.75,0,200,"sd","14:22:21",14753300
27.8,0.05,200,"bu","14:22:19",14753100
27.8,0.05,300,"bu","14:22:18",14752900
27.8,0.05,100,"bu","14:22:17",14752600
27.75,0,200,"sd","14:22:16",14752500
27.8,0.05,5000,"bu","14:22:16",14752300
27.8,0.05,200,"bu","14:22:14",14747300
27.8,0.05,200,"bu","14:22:12",14747100
27.8,0.05,5300,"bu","14:22:11",14746900
27.75,0,300,"sd","14:22:11",14741600
27.8,0.05,100,"bu","14:22:10",14741300
27.8,0.05,200,"bu","14:22:08",14741200
27.8,0.05,500,"bu","14:22:07",14741000
27.8,0.05,100,"bu","14:22:06",14740500
27.75,0,200,"sd","14:22:06",14740400
27.8,0.05,500,"bu","14:22:05",14740200
27.8,0.05,200,"bu","14:22:04",14739700
27.8,0.05,200,"bu","14:22:02",14739500
27.75,0,200,"sd","14:22:01",14739300
27.8,0.05,100,"bu","14:22:00",14739100
27.8,0.05,200,"bu","14:21:58",14739000
27.8,0.05,300,"bu","14:21:56",14738800
27.75,0,300,"sd","14:21:55",14738500
27.8,0.05,1500,"bu","14:21:55",14738200
27.8,0.05,100,"bu","14:21:54",14736700
27.8,0.05,500,"bu","14:21:53",14736600
27.8,0.05,5500,"bu","14:21:52",14736100
27.8,0.05,3000,"bu","14:21:51",14730600
27.75,0,200,"sd","14:21:51",14727600
27.8,0.05,100,"bu","14:21:50",14727400
27.8,0.05,200,"bu","14:21:47",14727300
27.75,0,1300,"sd","14:21:47",14727100
27.75,0,200,"sd","14:21:46",14725800
27.8,0.05,200,"bu","14:21:45",14725600
27.8,0.05,100,"bu","14:21:43",14725400
27.8,0.05,200,"bu","14:21:41",14725300
27.75,0,200,"sd","14:21:41",14725100
27.8,0.05,3000,"bu","14:21:41",14724900
27.8,0.05,100,"bu","14:21:39",14721900
27.8,0.05,15900,"bu","14:21:39",14721800
27.8,0.05,200,"bu","14:21:37",14705900
27.8,0.05,5300,"bu","14:21:36",14705700
27.75,0,300,"sd","14:21:36",14700400
27.8,0.05,200,"bu","14:21:35",14700100
27.8,0.05,100,"bu","14:21:33",14699900
27.8,0.05,10800,"bu","14:21:31",14699800
27.75,0,200,"sd","14:21:31",14689000
27.8,0.05,100,"bu","14:21:29",14688800
27.8,0.05,200,"bu","14:21:28",14688700
27.8,0.05,15900,"bu","14:21:26",14688500
27.75,0,200,"sd","14:21:26",14672600
27.75,0,200,"sd","14:21:25",14672400
27.8,0.05,200,"bu","14:21:25",14672200
27.8,0.05,100,"bu","14:21:23",14672000
27.75,0,1000,"sd","14:21:23",14671900
27.8,0.05,200,"bu","14:21:21",14670900
27.75,0,200,"sd","14:21:20",14670700
27.8,0.05,200,"bu","14:21:18",14670500
27.75,0,300,"sd","14:21:17",14670300
27.8,0.05,100,"bu","14:21:16",14670000
27.8,0.05,16100,"bu","14:21:14",14669900
27.75,0,1000,"sd","14:21:13",14653800
27.8,0.05,100,"bu","14:21:12",14652800
27.75,0,164500,"bu","14:21:12",14652700
27.7,-0.05,200,"sd","14:21:12",14488200
27.75,0,200,"bu","14:21:10",14488000
27.75,0,5000,"bu","14:21:10",14487800
27.75,0,5200,"bu","14:21:08",14482800
27.7,-0.05,200,"sd","14:21:07",14477600
27.75,0,100,"bu","14:21:06",14477400
27.75,0,11000,"bu","14:21:06",14477300
27.75,0,5200,"bu","14:21:04",14466300
27.75,0,100,"bu","14:21:03",14461100
27.7,-0.05,300,"sd","14:21:02",14461000
27.75,0,15900,"bu","14:21:02",14460700
27.75,0,200,"bu","14:21:00",14444800
27.75,0,200,"bu","14:20:58",14444600
27.7,-0.05,200,"sd","14:20:57",14444400
27.75,0,5500,"bu","14:20:56",14444200
27.75,0,200,"bu","14:20:54",14438700
27.75,0,16200,"bu","14:20:53",14438500
27.7,-0.05,200,"sd","14:20:52",14422300
27.75,0,100,"bu","14:20:51",14422100
27.75,0,3000,"bu","14:20:50",14422000
27.75,0,200,"bu","14:20:49",14419000
27.75,0,200,"bu","14:20:47",14418800
27.7,-0.05,200,"sd","14:20:47",14418600
27.75,0,1100,"bu","14:20:46",14418400
27.75,0,100,"bu","14:20:45",14417300
27.75,0,200,"bu","14:20:44",14417200
27.75,0,200,"bu","14:20:43",14417000
27.7,-0.05,300,"sd","14:20:42",14416800
27.75,0,100,"bu","14:20:41",14416500
27.75,0,200,"bu","14:20:39",14416400
27.75,0,200,"bu","14:20:37",14416200
27.7,-0.05,200,"sd","14:20:37",14416000
27.75,0,100,"bu","14:20:35",14415800
27.75,0,200,"bu","14:20:33",14415700
27.7,-0.05,200,"sd","14:20:32",14415500
27.75,0,1200,"bu","14:20:31",14415300
27.75,0,100,"bu","14:20:29",14414100
27.75,0,200,"bu","14:20:27",14414000
27.7,-0.05,200,"sd","14:20:27",14413800
27.75,0,100,"bu","14:20:24",14413600
27.75,0,200,"bu","14:20:22",14413500
27.7,-0.05,300,"sd","14:20:22",14413300
27.75,0,200,"bu","14:20:20",14413000
27.75,0,100,"bu","14:20:18",14412800
27.7,-0.05,200,"sd","14:20:17",14412700
27.75,0,200,"bu","14:20:16",14412500
27.7,-0.05,100,"sd","14:20:15",14412300
27.75,0,100,"bu","14:20:14",14412200
27.75,0,500,"bu","14:20:13",14412100
27.75,0,200,"bu","14:20:12",14411600
27.7,-0.05,200,"sd","14:20:12",14411400
27.75,0,200,"bu","14:20:10",14411200
27.75,0,100,"bu","14:20:09",14411000
27.7,-0.05,300,"sd","14:20:07",14410900
27.75,0,200,"bu","14:20:06",14410600
27.75,0,1100,"bu","14:20:04",14410400
27.7,-0.05,200,"sd","14:20:03",14409300
27.75,0,200,"bu","14:20:02",14409100
27.7,-0.05,1000,"sd","14:20:00",14408900
27.75,0,200,"bu","14:20:00",14407900
27.75,0,100,"bu","14:19:58",14407700
27.7,-0.05,200,"sd","14:19:58",14407600
27.75,0,300,"bu","14:19:57",14407400
27.75,0,200,"bu","14:19:55",14407100
27.75,0,200,"bu","14:19:53",14406900
27.75,0,1000,"bu","14:19:53",14406700
27.7,-0.05,200,"sd","14:19:53",14405700
27.75,0,100,"bu","14:19:51",14405500
27.75,0,200,"bu","14:19:49",14405400
27.7,-0.05,300,"sd","14:19:48",14405200
27.75,0,100,"bu","14:19:48",14404900
27.75,0,200,"bu","14:19:45",14404700
27.75,0,200,"bu","14:19:43",14399500
27.7,-0.05,200,"sd","14:19:43",14399300
27.75,0,100,"bu","14:19:41",14399100
27.75,0,200,"bu","14:19:39",14399000
27.7,-0.05,200,"sd","14:19:37",14398800
27.75,0,100,"bu","14:19:37",14398600
27.75,0,200,"bu","14:19:35",14398500
27.75,0,100000,"bu","14:19:35",14398300
27.75,0,200,"bu","14:19:33",14298300
27.7,-0.05,200,"sd","14:19:33",14298100
27.75,0,100,"bu","14:19:31",14297900
27.75,0,200,"bu","14:19:29",14297800
27.75,0,1200,"bu","14:19:29",14297600
27.7,-0.05,300,"sd","14:19:28",14296400
27.75,0,100,"bu","14:19:27",14296100
27.75,0,200,"bu","14:19:24",14296000
27.7,-0.05,100,"sd","14:19:24",14295800
27.7,-0.05,200,"sd","14:19:23",14295700
27.75,0,200,"bu","14:19:23",14295500
27.7,-0.05,5000,"sd","14:19:22",14295300
27.75,0,100,"bu","14:19:20",14290300
27.75,0,200,"bu","14:19:18",14290200
27.7,-0.05,200,"sd","14:19:17",14290000
27.75,0,200,"bu","14:19:16",14289800
27.75,0,100,"bu","14:19:14",14289600
27.7,-0.05,200,"sd","14:19:13",14289500
27.75,0,200,"bu","14:19:12",14289300
27.75,0,100,"bu","14:19:11",14289100
27.75,0,200,"bu","14:19:08",14289000
27.7,-0.05,300,"sd","14:19:08",14288800
27.75,0,200,"bu","14:19:06",14288500
27.75,0,100,"bu","14:19:04",14288300
27.7,-0.05,200,"sd","14:19:03",14288200
27.75,0,200,"bu","14:19:02",14288000
27.75,0,1000,"bu","14:19:01",14287800
27.75,0,100,"bu","14:18:59",14286800
27.7,-0.05,200,"sd","14:18:58",14286700
27.75,0,200,"bu","14:18:57",14286500
27.75,0,200,"bu","14:18:55",14286300
27.7,-0.05,4700,"sd","14:18:54",14286100
27.75,0,100,"bu","14:18:53",14281400
27.7,-0.05,300,"sd","14:18:53",14281300
27.75,0,200,"bu","14:18:51",14281000
27.75,0,100,"bu","14:18:49",14280800
27.7,-0.05,200,"sd","14:18:48",14280700
27.75,0,200,"bu","14:18:47",14280500
27.75,0,1200,"bu","14:18:45",14280300
27.7,-0.05,200,"sd","14:18:44",14279100
27.75,0,100,"bu","14:18:43",14278900
27.75,0,200,"bu","14:18:41",14278800
27.75,0,200,"bu","14:18:39",14278600
27.7,-0.05,200,"sd","14:18:39",14278400
27.75,0,100,"bu","14:18:37",14278200
27.75,0,200,"bu","14:18:35",14278100
27.7,-0.05,300,"sd","14:18:34",14277900
27.75,0,100,"bu","14:18:32",14277600
27.75,0,200,"bu","14:18:31",14277500
27.7,-0.05,200,"sd","14:18:28",14277300
27.75,0,2200,"bu","14:18:28",14277100
27.75,0,100,"bu","14:18:26",14274900
27.75,0,200,"bu","14:18:24",14274800
27.7,-0.05,200,"sd","14:18:24",14274600
27.75,0,100,"bu","14:18:22",14274400
27.7,-0.05,500,"sd","14:18:21",14274300
27.75,0,200,"bu","14:18:20",14273800
27.7,-0.05,500,"sd","14:18:19",14273600
27.75,0,200,"bu","14:18:18",14273100
27.75,0,100,"bu","14:18:16",14272900
27.75,0,200,"bu","14:18:14",14272800
27.7,-0.05,300,"sd","14:18:14",14272600
27.75,0,100,"bu","14:18:12",14272300
27.75,0,2000,"bu","14:18:10",14272200
27.75,0,200,"bu","14:18:10",14270200
27.7,-0.05,200,"sd","14:18:09",14270000
27.75,0,200,"bu","14:18:08",14269800
27.75,0,100,"bu","14:18:06",14269600
27.7,-0.05,200,"sd","14:18:04",14269500
27.75,0,200,"bu","14:18:03",14269300
27.75,0,200,"bu","14:18:01",14269100
27.75,0,100,"bu","14:17:59",14268900
27.7,-0.05,300,"sd","14:17:59",14268800
27.75,0,200,"bu","14:17:57",14268500
27.75,0,100,"bu","14:17:55",14268300
27.7,-0.05,200,"sd","14:17:54",14268200
27.75,0,200,"bu","14:17:53",14268000
27.7,-0.05,10100,"sd","14:17:52",14267800
27.75,0,200,"bu","14:17:51",14257700
27.75,0,700,"bu","14:17:50",14257500
27.75,0,100,"bu","14:17:49",14256800
27.7,-0.05,200,"sd","14:17:49",14256700
27.75,0,200,"bu","14:17:47",14256500
27.75,0,100,"bu","14:17:45",14256300
27.7,-0.05,200,"sd","14:17:44",14256200
27.75,0,200,"bu","14:17:43",14256000
27.75,0,200,"bu","14:17:41",14255800
27.7,-0.05,100,"sd","14:17:39",14255600
27.75,0,100,"bu","14:17:39",14255500
27.7,-0.05,300,"sd","14:17:39",14255400
27.75,0,11000,"bu","14:17:38",14255100
27.75,0,200,"bu","14:17:36",14244100
27.75,0,100,"bu","14:17:34",14243900
27.7,-0.05,200,"sd","14:17:34",14243800
27.75,0,1200,"bu","14:17:32",14243600
27.75,0,200,"bu","14:17:30",14242400
27.7,-0.05,200,"sd","14:17:30",14242200
27.75,0,100,"bu","14:17:28",14242000
27.75,0,600,"bu","14:17:27",14241900
27.75,0,200,"bu","14:17:26",14241300
27.7,-0.05,200,"sd","14:17:25",14241100
27.75,0,100,"bu","14:17:24",14240900
27.75,0,200,"bu","14:17:22",14240800
27.75,0,200,"bu","14:17:20",14240600
27.7,-0.05,300,"sd","14:17:20",14240400
27.75,0,100,"bu","14:17:18",14240100
27.75,0,1200,"bu","14:17:17",14240000
27.7,-0.05,200,"sd","14:17:15",14238800
27.75,0,200,"bu","14:17:14",14238600
27.75,0,100,"bu","14:17:12",14238400
27.7,-0.05,500,"sd","14:17:12",14238300
27.75,0,200,"bu","14:17:11",14237800
27.75,0,200,"bu","14:17:10",14237600
27.7,-0.05,200,"sd","14:17:10",14237400
27.75,0,20000,"bu","14:17:09",14237200
27.75,0,100,"bu","14:17:07",14217200
27.75,0,200,"bu","14:17:05",14217100
27.7,-0.05,300,"sd","14:17:05",14216900
27.75,0,500,"bu","14:17:04",14216600
27.75,0,200,"bu","14:17:03",14216100
27.75,0,100,"bu","14:17:01",14215900
27.7,-0.05,200,"sd","14:16:59",14215800
27.75,0,200,"bu","14:16:59",14215600
27.75,0,100,"bu","14:16:57",14215400
27.75,0,200,"bu","14:16:55",14215300
27.7,-0.05,200,"sd","14:16:55",14215100
27.75,0,100,"bu","14:16:54",14214900
27.75,0,200,"bu","14:16:53",14214800
27.75,0,100,"bu","14:16:51",14214600
27.7,-0.05,200,"sd","14:16:50",14214500
27.75,0,200,"bu","14:16:49",14214300
27.75,0,500,"bu","14:16:48",14214100
27.75,0,100,"bu","14:16:47",14213600
27.75,0,200,"bu","14:16:45",14213500
27.7,-0.05,300,"sd","14:16:45",14213300
27.75,0,200,"bu","14:16:43",14213000
27.7,-0.05,3000,"sd","14:16:42",14212800
27.75,0,100,"bu","14:16:40",14209800
27.7,-0.05,200,"sd","14:16:40",14209700
27.75,0,200,"bu","14:16:38",14209500
27.7,-0.05,200,"sd","14:16:37",14209300
27.75,0,200,"bu","14:16:36",14209100
27.7,-0.05,200,"sd","14:16:35",14208900
27.75,0,100,"bu","14:16:34",14208700
27.75,0,200,"bu","14:16:32",14208600
27.75,0,100,"bu","14:16:30",14208400
27.7,-0.05,200,"sd","14:16:30",14208300
27.75,0,400,"bu","14:16:28",14208100
27.75,0,200,"bu","14:16:26",14207700
27.7,-0.05,300,"sd","14:16:25",14207500
27.75,0,100,"bu","14:16:24",14207200
27.75,0,200,"bu","14:16:22",14207100
27.75,0,100,"bu","14:16:20",14206900
27.7,-0.05,200,"sd","14:16:20",14206800
27.75,0,200,"bu","14:16:18",14206600
27.75,0,200,"bu","14:16:16",14206400
27.7,-0.05,200,"sd","14:16:16",14206200
27.75,0,1100,"bu","14:16:14",14206000
27.75,0,200,"bu","14:16:11",14204900
27.7,-0.05,300,"sd","14:16:11",14204700
27.75,0,100,"bu","14:16:09",14204400
27.75,0,200,"bu","14:16:07",14204300
27.7,-0.05,200,"sd","14:16:06",14204100
27.75,0,200,"bu","14:16:05",14203900
27.75,0,100,"bu","14:16:03",14203700
27.75,0,200,"bu","14:16:01",14203600
27.7,-0.05,200,"sd","14:16:01",14203400
27.75,0,200,"bu","14:15:59",14203200
27.75,0,100,"bu","14:15:57",14203000
27.7,-0.05,700,"sd","14:15:56",14202900
27.75,0,200,"bu","14:15:55",14202200
27.7,-0.05,500,"sd","14:15:54",14202000
27.75,0,100,"bu","14:15:53",14201500
27.75,0,200,"bu","14:15:51",14201400
27.7,-0.05,300,"sd","14:15:51",14201200
27.75,0,200,"bu","14:15:49",14200900
27.75,0,100,"bu","14:15:47",14200700
27.7,-0.05,200,"sd","14:15:46",14200600
27.75,0,200,"bu","14:15:44",14200400
27.75,0,1100,"bu","14:15:42",14200200
27.7,-0.05,200,"sd","14:15:41",14199100
27.75,0,200,"bu","14:15:40",14198900
27.75,0,200,"bu","14:15:38",14198700
27.75,0,100,"bu","14:15:36",14198500
27.7,-0.05,200,"sd","14:15:36",14198400
27.75,0,200,"bu","14:15:34",14198200
27.75,0,1000,"bu","14:15:33",14198000
27.75,0,100,"bu","14:15:32",14197000
27.7,-0.05,300,"sd","14:15:31",14196900
27.75,0,200,"bu","14:15:30",14196600
27.75,0,200,"bu","14:15:29",14196400
27.75,0,100,"bu","14:15:26",14196200
27.75,0,1000,"bu","14:15:26",14196100
27.7,-0.05,200,"sd","14:15:26",14195100
27.75,0,200,"bu","14:15:24",14194900
27.75,0,200,"bu","14:15:22",14194700
27.7,-0.05,200,"sd","14:15:21",14194500
27.75,0,100,"bu","14:15:20",14194300
27.75,0,200,"bu","14:15:18",14194200
27.7,-0.05,3600,"sd","14:15:16",14194000
27.7,-0.05,200,"sd","14:15:16",14190400
27.75,0,100,"bu","14:15:15",14190200
27.75,0,200,"bu","14:15:13",14190100
27.75,0,1700,"bu","14:15:12",14189900
27.75,0,200,"bu","14:15:11",14188200
27.7,-0.05,300,"sd","14:15:11",14188000
27.75,0,100,"bu","14:15:09",14187700
27.75,0,200,"bu","14:15:07",14187600
27.7,-0.05,200,"sd","14:15:06",14187400
27.7,-0.05,5300,"sd","14:15:05",14187100
27.75,0,200,"bu","14:15:03",14181800
27.75,0,200,"bu","14:15:01",14181600
27.7,-0.05,200,"sd","14:15:00",14181400
27.75,0,100,"bu","14:14:59",14181200
27.75,0,200,"bu","14:14:57",14181100
27.7,-0.05,300,"sd","14:14:57",14180900
27.75,0,600,"bu","14:14:56",14180600
27.75,0,100,"bu","14:14:55",14180000
27.75,0,200,"bu","14:14:53",14179900
27.7,-0.05,200,"sd","14:14:52",14179700
27.75,0,200,"bu","14:14:51",14179500
27.75,0,100,"bu","14:14:48",14179300
27.7,-0.05,200,"sd","14:14:47",14179200
27.75,0,200,"bu","14:14:46",14179000
27.75,0,200,"bu","14:14:44",14178800
27.75,0,500,"bu","14:14:43",14178600
27.75,0,100,"bu","14:14:42",14178100
27.7,-0.05,200,"sd","14:14:42",14178000
27.75,0,300,"bu","14:14:42",14177800
27.75,0,200,"bu","14:14:40",14177500
27.75,0,1000,"bu","14:14:39",14177300
27.75,0,100,"bu","14:14:38",14176300
27.7,-0.05,300,"sd","14:14:37",14176200
27.75,0,200,"bu","14:14:36",14175900
27.75,0,200,"bu","14:14:34",14175700
27.75,0,100,"bu","14:14:32",14175500
27.7,-0.05,200,"sd","14:14:32",14175400
27.75,0,200,"bu","14:14:30",14175200
27.75,0,100,"bu","14:14:28",14175000
27.7,-0.05,200,"sd","14:14:27",14174900
27.75,0,200,"bu","14:14:26",14174700
27.75,0,200,"bu","14:14:24",14174500
27.75,0,100,"bu","14:14:22",14174300
27.7,-0.05,200,"sd","14:14:22",14174200
27.75,0,200,"bu","14:14:19",14174000
27.75,0,100,"bu","14:14:17",14173800
27.7,-0.05,300,"sd","14:14:17",14173700
27.75,0,200,"bu","14:14:15",14173400
27.75,0,200,"bu","14:14:13",14173200
27.7,-0.05,200,"sd","14:14:12",14173000
27.75,0,100,"bu","14:14:11",14172800
27.75,0,200,"bu","14:14:09",14172700
27.75,0,7000,"bu","14:14:08",14172500
27.75,0,100,"bu","14:14:07",14165500
27.7,-0.05,200,"sd","14:14:07",14165400
27.75,0,200,"bu","14:14:05",14165200
27.75,0,200,"bu","14:14:03",14165000
27.75,0,1100,"bu","14:14:03",14164800
27.7,-0.05,300,"sd","14:14:02",14163700
27.75,0,100,"bu","14:14:02",14163400
27.75,0,200,"bu","14:13:59",14163300
27.75,0,200,"bu","14:13:57",14163100
27.7,-0.05,200,"sd","14:13:57",14162900
27.75,0,100,"bu","14:13:55",14162700
27.75,0,200,"bu","14:13:52",14162600
27.7,-0.05,200,"sd","14:13:52",14162400
27.75,0,100,"bu","14:13:50",14162200
27.75,0,200,"bu","14:13:48",14162100
27.7,-0.05,200,"sd","14:13:47",14161900
27.75,0,200,"bu","14:13:46",14161700
27.75,0,100,"bu","14:13:44",14161500
27.7,-0.05,300,"sd","14:13:43",14161400
27.75,0,200,"bu","14:13:42",14161100
27.75,0,25400,"bu","14:13:41",14160900
27.75,0,100,"bu","14:13:40",14135500
27.75,0,200,"bu","14:13:39",14135400
27.7,-0.05,300,"sd","14:13:38",14135200
27.75,0,200,"bu","14:13:36",14134900
27.75,0,100,"bu","14:13:34",14134700
27.75,0,200,"bu","14:13:33",14134600
27.7,-0.05,200,"sd","14:13:33",14134400
27.75,0,100,"bu","14:13:30",14134200
27.75,0,200,"bu","14:13:28",14134100
27.7,-0.05,200,"sd","14:13:28",14133900
27.75,0,100,"bu","14:13:28",14133700
27.75,0,200,"bu","14:13:26",14133600
27.75,0,100,"bu","14:13:23",14133400
27.75,0,200,"bu","14:13:21",14133100
27.75,0,200,"bu","14:13:19",14132900
27.7,-0.05,200,"sd","14:13:18",14132700
27.75,0,100,"bu","14:13:17",14132500
27.7,-0.05,5000,"sd","14:13:15",14132400
27.75,0,200,"bu","14:13:15",14127400
27.75,0,100,"bu","14:13:13",14127200
27.7,-0.05,100,"sd","14:13:13",14127100
27.75,0,1000,"bu","14:13:12",14127000
27.75,0,200,"bu","14:13:11",14126000
27.75,0,200,"bu","14:13:09",14125800
27.7,-0.05,200,"sd","14:13:08",14125600
27.75,0,100,"bu","14:13:07",14125400
27.75,0,200,"bu","14:13:05",14125300
27.75,0,2000,"bu","14:13:04",14125100
27.75,0,100,"bu","14:13:03",14123100
27.75,0,200,"bu","14:13:01",14123000
27.75,0,200,"bu","14:12:59",14122800
27.75,0,5000,"bu","14:12:57",14122600
27.75,0,100,"bu","14:12:56",14117600
27.75,0,200,"bu","14:12:54",14117500
27.75,0,200,"bu","14:12:52",14117300
27.75,0,5100,"bu","14:12:51",14117100
27.75,0,200,"bu","14:12:50",14112000
27.75,0,200,"bu","14:12:48",14111800
27.75,0,100,"bu","14:12:46",14111600
27.75,0,2000,"bu","14:12:46",14111500
27.75,0,200,"bu","14:12:44",14109500
27.75,0,200,"bu","14:12:42",14109300
27.75,0,1000,"bu","14:12:41",14109100
27.75,0,100,"bu","14:12:40",14108100
27.75,0,8000,"bu","14:12:39",14108000
27.75,0,200,"bu","14:12:38",14100000
27.75,0,100,"bu","14:12:36",14099800
27.75,0,200,"bu","14:12:34",14099700
27.75,0,200,"bu","14:12:32",14099500
27.7,-0.05,5300,"sd","14:12:32",14099300
27.75,0,100,"bu","14:12:30",14094000
27.75,0,200,"bu","14:12:27",14093900
27.75,0,400,"bu","14:12:25",14093700
27.75,0,100,"bu","14:12:21",14093300
27.75,0,15000,"sd","14:12:21",14093200
27.75,0,20700,"sd","14:12:20",14078200
27.8,0.05,100,"bu","14:12:19",14057500
27.8,0.05,100,"bu","14:12:17",14057400
27.75,0,5300,"sd","14:12:16",14057300
27.75,0,800,"sd","14:12:16",14052000
27.8,0.05,200,"bu","14:12:15",14051200
27.75,0,26000,"sd","14:12:09",14051000
27.75,0,3000,"sd","14:12:08",14025000
27.75,0,10000,"sd","14:12:07",14022000
27.75,0,300,"sd","14:12:06",14012000
27.75,0,600,"sd","14:11:48",14011700
27.75,0,100,"sd","14:11:40",14011100
27.75,0,500,"sd","14:11:36",14011000
27.75,0,2000,"sd","14:11:33",14010500
27.75,0,2000,"sd","14:11:32",14008500
27.8,0.05,1100,"bu","14:11:30",14006500
27.8,0.05,5000,"bu","14:11:26",14005400
27.8,0.05,2100,"bu","14:11:25",14000400
27.8,0.05,100,"bu","14:11:24",13998300
27.8,0.05,23900,"bu","14:11:18",13998200
27.75,0,50000,"sd","14:11:16",13974300
27.75,0,93100,"bu","14:11:12",13924300
27.75,0,15000,"bu","14:11:12",13831200
27.75,0,3000,"bu","14:11:11",13816200
27.75,0,201400,"bu","14:11:09",13813200
27.75,0,43600,"bu","14:11:09",13611800
27.75,0,3800,"bu","14:11:06",13568200
27.75,0,200,"bu","14:11:05",13564400
27.75,0,17800,"bu","14:11:04",13564200
27.75,0,100,"bu","14:10:58",13546400
27.75,0,500,"bu","14:10:50",13546300
27.75,0,500,"bu","14:10:49",13545800
27.75,0,2200,"bu","14:10:42",13545300
27.75,0,1000,"bu","14:10:20",13543100
27.75,0,1000,"bu","14:10:14",13542100
27.75,0,2100,"bu","14:09:59",13541100
27.75,0,1000,"bu","14:09:46",13539000
27.75,0,5900,"bu","14:09:45",13538000
27.75,0,200,"bu","14:09:19",13532100
27.7,-0.05,700,"sd","14:09:14",13531900
27.7,-0.05,1500,"sd","14:09:13",13531200
27.7,-0.05,1000,"sd","14:09:08",13529700
27.75,0,1000,"bu","14:08:46",13528700
27.7,-0.05,2400,"sd","14:08:45",13527700
27.7,-0.05,5000,"sd","14:08:38",13525300
27.7,-0.05,800,"sd","14:08:35",13520300
27.7,-0.05,5000,"sd","14:08:30",13519500
27.7,-0.05,20000,"sd","14:08:26",13514500
27.7,-0.05,600,"sd","14:08:21",13494500
27.7,-0.05,500,"sd","14:08:19",13493900
27.7,-0.05,5000,"sd","14:08:13",13493400
27.7,-0.05,2000,"sd","14:08:12",13488400
27.7,-0.05,200,"sd","14:08:11",13486400
27.7,-0.05,2000,"sd","14:08:10",13486200
27.7,-0.05,1000,"sd","14:08:09",13484200
27.7,-0.05,1000,"sd","14:08:06",13483200
27.7,-0.05,200,"sd","14:08:06",13482200
27.7,-0.05,2200,"sd","14:08:05",13482000
27.7,-0.05,200,"sd","14:07:55",13479800
27.75,0,600,"bu","14:07:55",13479600
27.7,-0.05,200,"sd","14:07:49",13479000
27.7,-0.05,19000,"bu","14:07:32",13478800
27.7,-0.05,1500,"bu","14:07:31",13459800
27.7,-0.05,1000,"bu","14:07:29",13458300
27.7,-0.05,1000,"bu","14:07:27",13457300
27.7,-0.05,2000,"bu","14:07:25",13456300
27.7,-0.05,300,"bu","14:07:23",13454300
27.7,-0.05,500,"bu","14:07:20",13454000
27.7,-0.05,100,"bu","14:07:19",13453500
27.7,-0.05,2000,"bu","14:07:18",13453400
27.7,-0.05,35000,"bu","14:07:17",13451400
27.7,-0.05,10000,"bu","14:07:15",13416400
27.7,-0.05,200,"bu","14:07:13",13406400
27.7,-0.05,10000,"bu","14:07:06",13406200
27.7,-0.05,2200,"bu","14:07:05",13396200
27.7,-0.05,1000,"bu","14:07:02",13394000
27.7,-0.05,500,"bu","14:06:58",13393000
27.7,-0.05,100,"bu","14:06:58",13392500
27.7,-0.05,300,"bu","14:06:57",13392400
27.7,-0.05,200,"bu","14:06:55",13392100
27.7,-0.05,16300,"bu","14:06:52",13391900
27.7,-0.05,3500,"bu","14:06:50",13375600
27.7,-0.05,1100,"bu","14:06:49",13372100
27.7,-0.05,1000,"bu","14:06:47",13371000
27.7,-0.05,200,"bu","14:06:46",13370000
27.7,-0.05,400,"bu","14:06:45",13369800
27.7,-0.05,400,"bu","14:06:44",13369400
27.7,-0.05,9000,"bu","14:06:42",13369000
27.7,-0.05,14500,"bu","14:06:37",13360000
27.7,-0.05,1600,"bu","14:06:28",13345500
27.7,-0.05,500,"bu","14:06:26",13343900
27.7,-0.05,2100,"bu","14:06:22",13343400
27.7,-0.05,2000,"bu","14:06:17",13341300
27.7,-0.05,2000,"bu","14:06:15",13339300
27.7,-0.05,100,"bu","14:06:11",13337300
27.7,-0.05,2500,"bu","14:06:10",13337200
27.7,-0.05,1000,"bu","14:06:06",13334700
27.7,-0.05,500,"bu","14:06:00",13333700
27.7,-0.05,3000,"bu","14:05:57",13333200
27.65,-0.1,100,"sd","14:05:56",13330200
27.7,-0.05,100,"bu","14:05:54",13330100
27.7,-0.05,1300,"bu","14:05:51",13330000
27.7,-0.05,1000,"bu","14:05:49",13328700
27.7,-0.05,100,"bu","14:05:48",13327700
27.7,-0.05,100,"bu","14:05:47",13327600
27.7,-0.05,900,"bu","14:05:42",13327500
27.7,-0.05,2100,"bu","14:05:38",13326600
27.7,-0.05,1000,"bu","14:05:34",13324500
27.7,-0.05,1000,"bu","14:05:32",13323500
27.7,-0.05,300,"bu","14:05:29",13322500
27.7,-0.05,200,"bu","14:05:22",13322200
27.7,-0.05,300,"bu","14:05:19",13322000
27.7,-0.05,1000,"bu","14:05:08",13321700
27.7,-0.05,1000,"bu","14:05:07",13320700
27.7,-0.05,84600,"sd","14:05:05",13319700
27.75,0,100,"bu","14:04:58",13235100
27.75,0,2100,"bu","14:04:55",13235000
27.75,0,500,"bu","14:04:51",13232900
27.7,-0.05,5000,"sd","14:04:44",13232400
27.7,-0.05,2100,"sd","14:04:43",13227400
27.7,-0.05,5300,"sd","14:04:32",13225300
27.7,-0.05,5300,"sd","14:04:31",13220000
27.7,-0.05,5300,"sd","14:04:28",13214700
27.75,0,100,"bu","14:04:25",13209400
27.75,0,1000,"bu","14:04:23",13209300
27.75,0,100,"bu","14:04:15",13208300
27.7,-0.05,1000,"sd","14:04:09",13208200
27.7,-0.05,400,"sd","14:04:05",13207200
27.7,-0.05,100,"sd","14:03:55",13206800
27.7,-0.05,400,"bu","14:03:41",13206700
27.7,-0.05,20100,"bu","14:03:39",13206300
27.65,-0.1,400,"sd","14:03:36",13186200
27.7,-0.05,500,"bu","14:03:35",13185800
27.7,-0.05,4000,"bu","14:03:29",13185300
27.7,-0.05,2200,"bu","14:03:28",13181300
27.7,-0.05,1100,"bu","14:03:23",13179100
27.7,-0.05,187100,"sd","14:03:21",13178000
27.7,-0.05,13900,"sd","14:02:51",12990900
27.7,-0.05,200,"sd","14:02:41",12977000
27.7,-0.05,500,"sd","14:02:38",12976800
27.7,-0.05,100,"sd","14:02:33",12976300
27.7,-0.05,300,"sd","14:02:33",12976200
27.7,-0.05,1000,"sd","14:02:28",12975900
27.7,-0.05,2200,"sd","14:02:27",12974900
27.7,-0.05,10000,"sd","14:02:26",12972700
27.7,-0.05,200,"sd","14:02:19",12962700
27.7,-0.05,99500,"bu","14:02:12",12962500
27.7,-0.05,5000,"bu","14:02:11",12863000
27.7,-0.05,500,"bu","14:02:08",12858000
27.7,-0.05,200,"bu","14:02:07",12857500
27.7,-0.05,500,"bu","14:02:06",12857300
27.7,-0.05,10000,"bu","14:02:05",12856800
27.7,-0.05,9000,"bu","14:02:05",12846800
27.7,-0.05,100,"bu","14:02:04",12837800
27.7,-0.05,10000,"bu","14:02:02",12837700
27.7,-0.05,2100,"bu","14:02:01",12827700
27.7,-0.05,50000,"bu","14:01:59",12825600
27.7,-0.05,1000,"bu","14:01:57",12775600
27.7,-0.05,200,"bu","14:01:47",12774600
27.7,-0.05,100,"bu","14:01:45",12774400
27.7,-0.05,5000,"bu","14:01:41",12774300
27.7,-0.05,200,"bu","14:01:39",12769300
27.7,-0.05,1300,"bu","14:01:38",12769100
27.95,0.15,500,"bu","13:57:02",24685200
27.95,0.15,15900,"bu","13:57:00",24684700
27.95,0.15,2600,"bu","13:56:59",24668800
27.95,0.15,2500,"bu","13:56:57",24666200
27.95,0.15,300,"bu","13:56:55",24663700
27.95,0.15,2500,"bu","13:56:52",24663400
27.95,0.15,500,"bu","13:56:47",24660900
27.95,0.15,300,"bu","13:56:46",24660400
27.95,0.15,15900,"bu","13:56:46",24660100
27.9,0.1,100,"sd","13:56:40",24644200
27.95,0.15,300,"bu","13:56:39",24644100
27.95,0.15,900,"bu","13:56:33",24643800
27.95,0.15,5000,"bu","13:56:32",24642900
27.95,0.15,1000,"bu","13:56:30",24637900
27.95,0.15,300,"bu","13:56:28",24636900
27.95,0.15,5000,"bu","13:56:26",24636600
27.95,0.15,10000,"bu","13:56:25",24631600
27.95,0.15,16000,"bu","13:56:23",24621600
27.95,0.15,15900,"bu","13:56:22",24605600
27.95,0.15,800,"bu","13:56:19",24589700
27.65,-0.1,1200,"sd","14:00:00",12726900
27.65,-0.1,17400,"sd","13:59:59",12725700
27.65,-0.1,400,"sd","13:59:56",12708300
27.65,-0.1,200,"sd","13:59:49",12707900
27.65,-0.1,700,"sd","13:59:42",12707700
27.65,-0.1,2400,"sd","13:59:37",12707000
27.65,-0.1,800,"sd","13:59:25",12704600
27.65,-0.1,800,"sd","13:59:07",12703800
27.7,-0.05,8300,"bu","13:58:57",12703000
27.7,-0.05,5500,"bu","13:58:55",12694700
27.65,-0.1,1000,"sd","13:58:52",12689200
27.65,-0.1,800,"sd","13:58:50",12688200
27.7,-0.05,8000,"bu","13:58:48",12687400
27.7,-0.05,300,"bu","13:58:45",12679400
27.7,-0.05,2000,"bu","13:58:44",12679100
27.65,-0.1,5200,"sd","13:58:42",12677100
27.7,-0.05,15900,"bu","13:58:39",12671900
27.7,-0.05,500,"bu","13:58:34",12656000
27.65,-0.1,800,"sd","13:58:32",12655500
27.7,-0.05,1000,"bu","13:58:32",12654700
27.65,-0.1,2800,"sd","13:58:30",12653700
27.7,-0.05,2000,"bu","13:58:27",12650900
27.7,-0.05,2100,"bu","13:58:25",12648900
27.7,-0.05,26500,"bu","13:58:22",12646800
27.65,-0.1,5000,"sd","13:58:16",12620300
27.7,-0.05,100,"bu","13:58:15",12615300
27.65,-0.1,4600,"sd","13:58:11",12614500
27.65,-0.1,1500,"sd","13:58:07",12609900
27.65,-0.1,3000,"sd","13:58:03",12608400
27.65,-0.1,3000,"sd","13:57:57",12605400
27.65,-0.1,1900,"sd","13:57:55",12602400
27.7,-0.05,5300,"bu","13:57:51",12600500
27.65,-0.1,1000,"sd","13:57:44",12595200
27.7,-0.05,1000,"bu","13:57:41",12594200
27.65,-0.1,800,"sd","13:57:41",12593200
27.65,-0.1,1900,"sd","13:57:39",12592400
27.7,-0.05,1000,"bu","13:57:37",12590500
27.7,-0.05,100,"bu","13:57:34",12589500
27.65,-0.1,4500,"sd","13:57:32",12589400
27.7,-0.05,100,"bu","13:57:28",12584900
27.65,-0.1,2000,"sd","13:57:23",12584800
27.65,-0.1,800,"sd","13:57:22",12582800
27.65,-0.1,2400,"sd","13:57:06",12582000
27.65,-0.1,800,"sd","13:57:05",12579600
27.65,-0.1,4200,"sd","13:56:54",12578800
27.65,-0.1,300,"sd","13:56:52",12574600
27.65,-0.1,2200,"sd","13:56:49",12574300
27.65,-0.1,500,"sd","13:56:49",12572100
27.65,-0.1,800,"sd","13:56:48",12571600
27.65,-0.1,1900,"sd","13:56:46",12570800
27.65,-0.1,500,"sd","13:56:38",12568900
27.65,-0.1,2000,"sd","13:56:36",12568400
27.65,-0.1,1900,"sd","13:56:31",12566400
27.65,-0.1,800,"sd","13:56:30",12564500
27.65,-0.1,4000,"sd","13:56:19",12563700
27.65,-0.1,1900,"sd","13:56:14",12559700
27.65,-0.1,800,"sd","13:56:12",12557800
27.65,-0.1,5000,"sd","13:56:01",12557000
27.65,-0.1,2500,"sd","13:55:59",12551900
27.65,-0.1,400,"sd","13:55:58",12549400
27.7,-0.05,100,"bu","13:55:57",12549000
27.65,-0.1,800,"sd","13:55:55",12548900
27.65,-0.1,5100,"sd","13:55:45",12548100
27.65,-0.1,2100,"sd","13:55:42",12543000
27.65,-0.1,1100,"sd","13:55:39",12540900
27.7,-0.05,1000,"bu","13:55:39",12539800
27.65,-0.1,2800,"sd","13:55:38",12538800
27.65,-0.1,800,"sd","13:55:37",12536000
27.65,-0.1,1000,"sd","13:55:28",12535200
27.65,-0.1,800,"sd","13:55:19",12534200
27.65,-0.1,2300,"sd","13:55:15",12533400
27.65,-0.1,100000,"sd","13:55:14",12531100
27.65,-0.1,2000,"sd","13:55:11",12431100
27.65,-0.1,4300,"sd","13:55:03",12429100
27.65,-0.1,1300,"sd","13:55:02",12424800
27.65,-0.1,5000,"sd","13:55:01",12423500
27.65,-0.1,100,"sd","13:55:00",12418500
27.65,-0.1,800,"sd","13:54:56",12418400
27.65,-0.1,1900,"sd","13:54:55",12417600
27.65,-0.1,800,"sd","13:54:44",12415700
27.65,-0.1,2100,"sd","13:54:40",12414900
27.65,-0.1,2700,"sd","13:54:34",12412800
27.65,-0.1,100000,"sd","13:54:32",12410100
27.65,-0.1,800,"sd","13:54:27",12310100
27.65,-0.1,3900,"sd","13:54:26",12309300
27.65,-0.1,1800,"sd","13:54:23",12305400
27.65,-0.1,2500,"sd","13:54:21",12303600
27.65,-0.1,1000,"sd","13:54:20",12301100
27.65,-0.1,10000,"sd","13:54:13",12300100
27.7,-0.05,1000,"bu","13:54:12",12290100
27.65,-0.1,800,"sd","13:54:09",12289100
27.65,-0.1,1900,"sd","13:54:07",12288300
27.65,-0.1,4500,"sd","13:53:54",12286400
27.65,-0.1,400,"sd","13:53:53",12281900
27.65,-0.1,800,"sd","13:53:52",12281500
27.65,-0.1,1800,"sd","13:53:52",12280700
27.65,-0.1,200,"sd","13:53:46",12278900
27.65,-0.1,300,"sd","13:53:44",12278700
27.65,-0.1,1900,"sd","13:53:36",12278400
27.65,-0.1,800,"sd","13:53:34",12276500
27.7,-0.05,400,"bu","13:53:29",12275700
27.7,-0.05,2100,"bu","13:53:22",12275300
27.65,-0.1,2700,"sd","13:53:21",12273200
27.7,-0.05,100,"bu","13:53:19",12270500
27.65,-0.1,800,"sd","13:53:17",12270400
27.65,-0.1,4200,"sd","13:53:16",12269600
27.65,-0.1,1000,"sd","13:53:12",12265400
27.65,-0.1,500,"sd","13:53:03",12264400
27.7,-0.05,1000,"bu","13:53:00",12263900
27.65,-0.1,800,"sd","13:52:59",12262900
27.65,-0.1,2300,"sd","13:52:58",12262100
27.7,-0.05,2200,"bu","13:52:57",12259800
27.7,-0.05,100,"bu","13:52:56",12257600
27.7,-0.05,300,"bu","13:52:52",12257500
27.65,-0.1,100,"sd","13:52:49",12257200
27.65,-0.1,800,"sd","13:52:42",12257100
27.65,-0.1,3900,"sd","13:52:40",12256300
27.65,-0.1,2300,"sd","13:52:39",12252400
27.65,-0.1,100000,"sd","13:52:35",12250100
27.7,-0.05,600,"bu","13:52:34",12150100
27.65,-0.1,1600,"sd","13:52:28",12149500
27.65,-0.1,800,"sd","13:52:24",12147900
27.7,-0.05,1000,"bu","13:52:20",12147100
27.65,-0.1,4500,"sd","13:52:20",12146100
27.65,-0.1,4000,"sd","13:52:08",12141600
27.65,-0.1,700,"sd","13:52:07",12137600
27.7,-0.05,100,"bu","13:52:05",12136900
27.65,-0.1,1000,"sd","13:52:03",12136800
27.65,-0.1,1800,"sd","13:52:00",12135800
27.65,-0.1,800,"sd","13:51:49",12134000
27.65,-0.1,1100,"sd","13:51:46",12133200
27.65,-0.1,1800,"sd","13:51:37",12132100
27.7,-0.05,200,"bu","13:51:35",12130300
27.7,-0.05,58700,"sd","13:51:35",12130100
27.7,-0.05,800,"sd","13:51:32",12071400
27.7,-0.05,100,"sd","13:51:30",12070600
27.7,-0.05,400,"sd","13:51:29",12070500
27.7,-0.05,1500,"sd","13:51:24",12070100
27.7,-0.05,1400,"sd","13:51:22",12068600
27.7,-0.05,800,"sd","13:51:14",12067200
27.75,0,1000,"bu","13:51:14",12066400
27.7,-0.05,2200,"sd","13:51:11",12065400
27.7,-0.05,2300,"sd","13:51:10",12063200
27.7,-0.05,2000,"sd","13:51:07",12060900
27.7,-0.05,100,"sd","13:51:02",12058900
27.7,-0.05,4000,"sd","13:50:59",12058800
27.7,-0.05,800,"sd","13:50:56",12054800
27.7,-0.05,1000,"sd","13:50:56",12054000
27.7,-0.05,1400,"sd","13:50:51",12053000
27.7,-0.05,600,"sd","13:50:50",12051600
27.7,-0.05,500,"sd","13:50:48",12051000
27.7,-0.05,500,"sd","13:50:47",12050500
27.7,-0.05,2000,"sd","13:50:40",12050000
27.7,-0.05,2200,"sd","13:50:39",12048000
27.7,-0.05,1400,"sd","13:50:36",12045800
27.7,-0.05,1400,"sd","13:50:27",12044400
27.7,-0.05,4900,"sd","13:50:25",12043000
27.7,-0.05,300,"sd","13:50:24",12038100
27.7,-0.05,800,"sd","13:50:22",12037800
27.7,-0.05,24000,"sd","13:50:13",12037000
27.7,-0.05,35600,"bu","13:50:06",12013000
27.7,-0.05,500,"bu","13:50:05",11977400
27.65,-0.1,2200,"sd","13:50:05",11976900
27.7,-0.05,400,"bu","13:49:59",11974700
27.7,-0.05,1000,"bu","13:49:56",11974300
27.65,-0.1,1900,"sd","13:49:53",11973300
27.7,-0.05,1000,"bu","13:49:53",11971400
27.7,-0.05,2000,"bu","13:49:48",11970400
27.65,-0.1,1000,"sd","13:49:47",11968400
27.7,-0.05,500,"bu","13:49:47",11967400
27.65,-0.1,800,"sd","13:49:46",11966900
27.7,-0.05,2100,"bu","13:49:44",11966100
27.65,-0.1,4700,"sd","13:49:44",11964000
27.7,-0.05,200,"bu","13:49:41",11959300
27.65,-0.1,2500,"sd","13:49:38",11959100
27.7,-0.05,1000,"bu","13:49:30",11956600
27.65,-0.1,800,"sd","13:49:29",11955600
27.7,-0.05,1000,"bu","13:49:28",11954800
27.7,-0.05,100,"bu","13:49:24",11953800
27.7,-0.05,600,"bu","13:49:18",11953700
27.7,-0.05,200,"bu","13:49:15",11953100
27.65,-0.1,700,"sd","13:49:11",11952900
27.7,-0.05,2100,"bu","13:49:01",11952200
27.7,-0.05,600,"sd","13:48:56",11950100
27.7,-0.05,9400,"bu","13:48:56",11949500
27.65,-0.1,800,"sd","13:48:54",11940100
27.7,-0.05,10000,"bu","13:48:51",11939300
27.65,-0.1,1200,"sd","13:48:49",11929300
27.7,-0.05,15600,"sd","13:48:49",11928100
27.7,-0.05,800,"sd","13:48:44",11912500
27.7,-0.05,300,"sd","13:48:43",11911700
27.7,-0.05,2200,"sd","13:48:39",11911400
27.7,-0.05,800,"sd","13:48:36",11909200
27.7,-0.05,4000,"sd","13:48:32",11908400
27.7,-0.05,1700,"sd","13:48:29",11904400
27.75,0,1000,"bu","13:48:26",11902700
27.7,-0.05,5000,"sd","13:48:24",11901700
27.7,-0.05,100,"sd","13:48:24",11896700
27.7,-0.05,700,"sd","13:48:21",11896600
27.7,-0.05,800,"sd","13:48:19",11895900
27.7,-0.05,20000,"sd","13:48:17",11895100
27.7,-0.05,2400,"sd","13:48:15",11875100
27.7,-0.05,3500,"sd","13:48:11",11872700
27.7,-0.05,1300,"sd","13:48:05",11869200
27.7,-0.05,800,"sd","13:48:01",11867900
27.7,-0.05,4400,"sd","13:47:58",11867100
27.7,-0.05,10000,"sd","13:47:56",11862700
27.7,-0.05,1500,"sd","13:47:54",11852700
27.75,0,200,"bu","13:47:53",11851200
27.7,-0.05,2100,"sd","13:47:49",11851000
27.7,-0.05,800,"sd","13:47:45",11848900
27.7,-0.05,100,"sd","13:47:43",11848100
27.7,-0.05,1300,"sd","13:47:41",11848000
27.7,-0.05,2300,"sd","13:47:30",11846700
27.7,-0.05,400,"sd","13:47:28",11844400
27.7,-0.05,800,"sd","13:47:26",11844000
27.7,-0.05,500,"sd","13:47:26",11843200
27.7,-0.05,900,"sd","13:47:24",11842700
27.7,-0.05,4500,"sd","13:47:21",11841800
27.7,-0.05,1100,"sd","13:47:20",11837300
27.7,-0.05,1300,"sd","13:47:10",11836200
27.7,-0.05,800,"sd","13:47:09",11834900
27.7,-0.05,200,"sd","13:47:05",11834100
27.7,-0.05,1300,"sd","13:46:59",11833900
27.7,-0.05,7700,"bu","13:46:58",11832600
27.65,-0.1,500,"sd","13:46:54",11824900
27.65,-0.1,800,"sd","13:46:51",11824400
27.7,-0.05,1000,"bu","13:46:51",11823600
27.65,-0.1,1500,"sd","13:46:49",11822600
27.7,-0.05,100,"bu","13:46:48",11821100
27.7,-0.05,5600,"sd","13:46:44",11821000
27.75,0,500,"bu","13:46:37",11815400
27.7,-0.05,1300,"sd","13:46:36",11814900
27.7,-0.05,100,"sd","13:46:35",11813600
27.7,-0.05,800,"sd","13:46:34",11813500
27.7,-0.05,1000,"sd","13:46:25",11812700
27.7,-0.05,1000,"sd","13:46:22",11811700
27.7,-0.05,2000,"sd","13:46:16",11810700
27.7,-0.05,500,"sd","13:46:15",11808700
27.7,-0.05,5000,"sd","13:46:11",11808200
27.7,-0.05,7000,"bu","13:46:08",11803200
27.7,-0.05,7200,"bu","13:46:07",11796200
27.65,-0.1,1100,"sd","13:46:07",11789000
27.7,-0.05,1100,"bu","13:46:06",11787900
27.7,-0.05,6700,"bu","13:46:02",11786800
27.7,-0.05,3300,"bu","13:46:01",11780100
27.65,-0.1,700,"sd","13:45:58",11776800
27.65,-0.1,1000,"sd","13:45:58",11776100
27.7,-0.05,100,"bu","13:45:58",11775100
27.7,-0.05,1900,"bu","13:45:55",11775000
27.7,-0.05,100,"bu","13:45:53",11773100
27.65,-0.1,1400,"sd","13:45:50",11773000
27.7,-0.05,5000,"bu","13:45:49",11771600
27.7,-0.05,800,"bu","13:45:48",11766600
27.65,-0.1,800,"sd","13:45:41",11765800
27.7,-0.05,100,"bu","13:45:39",11765000
27.65,-0.1,1400,"sd","13:45:37",11764900
27.65,-0.1,6800,"sd","13:45:33",11763500
27.7,-0.05,200,"bu","13:45:30",11756700
27.65,-0.1,1100,"sd","13:45:26",11756500
27.7,-0.05,600,"bu","13:45:25",11755400
27.65,-0.1,800,"sd","13:45:23",11754800
27.7,-0.05,1000,"bu","13:45:23",11754000
27.7,-0.05,1000,"bu","13:45:19",11753000
27.65,-0.1,1300,"sd","13:45:17",11752000
27.65,-0.1,1000,"sd","13:45:14",11750700
27.65,-0.1,200,"sd","13:45:13",11749700
27.65,-0.1,600,"sd","13:45:08",11749500
27.65,-0.1,800,"sd","13:45:06",11748900
27.65,-0.1,1300,"sd","13:45:06",11748100
27.7,-0.05,600,"bu","13:45:00",11746800
27.65,-0.1,1600,"sd","13:44:56",11746200
27.7,-0.05,1000,"bu","13:44:54",11744600
27.65,-0.1,3900,"sd","13:44:54",11743600
27.65,-0.1,700,"sd","13:44:50",11739700
27.65,-0.1,800,"sd","13:44:48",11739000
27.65,-0.1,500,"sd","13:44:47",11738200
27.7,-0.05,6000,"bu","13:44:44",11737700
27.65,-0.1,2300,"sd","13:44:42",11731700
27.65,-0.1,800,"sd","13:44:32",11729400
27.7,-0.05,1000,"bu","13:44:22",11728600
27.65,-0.1,300,"sd","13:44:21",11727600
27.7,-0.05,3900,"sd","13:44:15",11727300
27.7,-0.05,1100,"bu","13:44:14",11723400
27.65,-0.1,800,"sd","13:44:13",11722300
27.65,-0.1,300,"sd","13:44:10",11721500
27.7,-0.05,1100,"sd","13:44:10",11721200
27.7,-0.05,1000,"sd","13:44:07",11720100
27.7,-0.05,500,"sd","13:44:05",11719100
27.7,-0.05,1500,"sd","13:44:00",11718600
27.7,-0.05,800,"sd","13:43:56",11717100
27.75,0,1000,"bu","13:43:55",11716300
27.7,-0.05,100,"sd","13:43:53",11715300
27.7,-0.05,100,"bu","13:43:48",11715200
27.65,-0.1,1300,"sd","13:43:47",11715100
27.65,-0.1,3800,"sd","13:43:45",11713800
27.7,-0.05,3400,"sd","13:43:45",11710000
27.7,-0.05,30000,"sd","13:43:44",11706600
27.7,-0.05,3500,"sd","13:43:41",11676600
27.7,-0.05,800,"sd","13:43:39",11673100
27.7,-0.05,1100,"sd","13:43:35",11672300
27.7,-0.05,900,"sd","13:43:33",11671200
27.7,-0.05,1900,"sd","13:43:26",11670300
27.7,-0.05,500,"sd","13:43:22",11668400
27.7,-0.05,800,"sd","13:43:21",11667900
27.7,-0.05,2200,"sd","13:43:19",11667100
27.7,-0.05,1200,"sd","13:43:15",11664900
27.7,-0.05,4300,"sd","13:43:09",11663700
27.7,-0.05,1000,"sd","13:43:09",11659400
27.7,-0.05,1400,"sd","13:43:06",11658400
27.7,-0.05,700,"sd","13:43:03",11657000
27.7,-0.05,200,"sd","13:43:00",11656300
27.7,-0.05,200,"sd","13:43:00",11656100
27.7,-0.05,1000,"sd","13:42:58",11655900
27.7,-0.05,1500,"sd","13:42:54",11654900
27.7,-0.05,800,"sd","13:42:46",11653400
27.75,0,200,"bu","13:42:44",11652600
27.7,-0.05,1000,"sd","13:42:43",11652400
27.7,-0.05,1300,"sd","13:42:42",11651400
27.7,-0.05,1800,"sd","13:42:38",11650100
27.7,-0.05,1000,"sd","13:42:36",11648300
27.7,-0.05,4600,"sd","13:42:33",11647300
27.7,-0.05,1500,"sd","13:42:31",11642700
27.7,-0.05,800,"sd","13:42:28",11641200
27.75,0,1000,"bu","13:42:28",11640400
27.7,-0.05,1300,"sd","13:42:18",11639400
27.7,-0.05,100,"sd","13:42:15",11638100
27.7,-0.05,2200,"sd","13:42:14",11638000
27.75,0,200,"bu","13:42:13",11635800
27.7,-0.05,800,"sd","13:42:12",11635600
27.7,-0.05,2100,"sd","13:42:10",11634800
27.7,-0.05,100,"sd","13:42:08",11632700
27.7,-0.05,1200,"sd","13:42:07",11632600
27.7,-0.05,2000,"sd","13:42:06",11631400
27.7,-0.05,5000,"sd","13:42:01",11629400
27.7,-0.05,2000,"sd","13:41:58",11624400
27.65,-0.1,3900,"sd","13:41:57",11622400
27.7,-0.05,1200,"sd","13:41:57",11618500
27.7,-0.05,4100,"sd","13:41:54",11617300
27.7,-0.05,800,"sd","13:41:53",11613200
27.7,-0.05,1400,"sd","13:41:53",11612400
27.7,-0.05,2500,"sd","13:41:50",11611000
27.75,0,2000,"bu","13:41:48",11608500
27.7,-0.05,2600,"bu","13:41:47",11606500
27.7,-0.05,2700,"sd","13:41:45",11603900
27.7,-0.05,600,"sd","13:41:37",11601200
27.7,-0.05,800,"sd","13:41:35",11600600
27.7,-0.05,1000,"sd","13:41:29",11599800
27.7,-0.05,300,"sd","13:41:28",11598800
27.7,-0.05,1000,"sd","13:41:27",11598500
27.7,-0.05,5000,"sd","13:41:24",11597500
27.7,-0.05,1000,"sd","13:41:23",11592500
27.7,-0.05,800,"sd","13:41:18",11591500
27.7,-0.05,500,"sd","13:41:16",11590700
27.7,-0.05,400,"sd","13:41:13",11590200
27.7,-0.05,200,"sd","13:41:12",11589800
27.7,-0.05,2200,"sd","13:41:03",11589600
27.75,0,100,"bu","13:41:03",11587400
27.7,-0.05,800,"sd","13:41:00",11587300
27.7,-0.05,1100,"sd","13:40:50",11586500
27.7,-0.05,4700,"sd","13:40:44",11585400
27.7,-0.05,900,"sd","13:40:43",11580700
27.7,-0.05,2000,"sd","13:40:41",11579800
27.7,-0.05,600,"sd","13:40:39",11577800
27.7,-0.05,8600,"bu","13:40:36",11577200
27.65,-0.1,1100,"sd","13:40:33",11568600
27.7,-0.05,100000,"bu","13:40:26",11567500
27.65,-0.1,1100,"sd","13:40:25",11466700
27.65,-0.1,400,"sd","13:40:24",11465600
27.7,-0.05,5000,"bu","13:40:21",11465200
27.65,-0.1,1300,"sd","13:40:15",11460200
27.65,-0.1,500,"sd","13:40:10",11458900
27.65,-0.1,300,"sd","13:40:09",11458400
27.65,-0.1,800,"sd","13:40:08",11458100
27.65,-0.1,4100,"sd","13:40:04",11457300
27.65,-0.1,1900,"sd","13:40:04",11453200
27.65,-0.1,2200,"sd","13:39:55",11451300
27.65,-0.1,1300,"sd","13:39:51",11449100
27.65,-0.1,700,"sd","13:39:50",11447800
27.7,-0.05,3000,"bu","13:39:45",11447100
27.7,-0.05,100,"bu","13:39:41",11444100
27.65,-0.1,1300,"sd","13:39:40",11444000
27.65,-0.1,100,"sd","13:39:38",11442700
27.65,-0.1,1000,"sd","13:39:34",11442600
27.65,-0.1,800,"sd","13:39:33",11441600
27.7,-0.05,1000,"bu","13:39:32",11440800
27.65,-0.1,4300,"sd","13:39:30",11439800
27.65,-0.1,1600,"sd","13:39:29",11435500
27.65,-0.1,2200,"sd","13:39:18",11433900
27.65,-0.1,800,"sd","13:39:15",11431700
27.7,-0.05,600,"bu","13:39:10",11430900
27.65,-0.1,1800,"sd","13:38:59",11430300
27.65,-0.1,800,"sd","13:38:58",11428500
27.65,-0.1,4100,"sd","13:38:54",11427700
27.7,-0.05,2100,"bu","13:38:53",11423600
27.7,-0.05,500,"bu","13:38:46",11421500
27.65,-0.1,1300,"sd","13:38:45",11421000
27.7,-0.05,1000,"bu","13:38:41",11419700
27.65,-0.1,100,"sd","13:38:41",11418700
27.65,-0.1,800,"sd","13:38:40",11418600
27.65,-0.1,1800,"sd","13:38:34",11417800
27.65,-0.1,100,"sd","13:38:26",11416000
27.65,-0.1,1000,"sd","13:38:25",11415900
27.65,-0.1,800,"sd","13:38:23",11414900
27.65,-0.1,100,"sd","13:38:22",11414100
27.65,-0.1,15900,"sd","13:38:20",11414000
27.65,-0.1,1700,"sd","13:38:19",11398100
27.65,-0.1,36800,"sd","13:38:06",11396400
27.65,-0.1,300,"sd","13:38:05",11359600
27.65,-0.1,1700,"sd","13:38:04",11359300
27.7,-0.05,2000,"bu","13:37:53",11357600
27.65,-0.1,3100,"sd","13:37:50",11355600
27.65,-0.1,800,"sd","13:37:48",11352500
27.7,-0.05,5000,"bu","13:37:46",11351700
27.7,-0.05,14400,"sd","13:37:38",11346700
27.7,-0.05,100,"sd","13:37:31",11332300
27.7,-0.05,800,"sd","13:37:30",11332200
27.7,-0.05,10000,"sd","13:37:30",11331400
27.7,-0.05,1800,"sd","13:37:24",11321400
27.7,-0.05,5300,"sd","13:37:21",11319600
27.7,-0.05,1000,"sd","13:37:18",11314300
27.7,-0.05,1000,"sd","13:37:18",11313300
27.7,-0.05,100,"sd","13:37:17",11312300
27.7,-0.05,30000,"sd","13:37:15",11312200
27.7,-0.05,800,"sd","13:37:12",11282200
27.7,-0.05,1000,"sd","13:37:11",11281400
27.7,-0.05,12700,"sd","13:37:09",11280400
27.75,0,1000,"bu","13:37:07",11267700
27.7,-0.05,1400,"sd","13:37:07",11266700
27.7,-0.05,4700,"sd","13:37:03",11265300
27.7,-0.05,200,"sd","13:37:01",11260600
27.7,-0.05,10000,"sd","13:37:00",11260400
27.7,-0.05,2900,"sd","13:36:55",11250400
27.75,0,600,"bu","13:36:45",11247500
27.7,-0.05,1500,"sd","13:36:44",11246900
27.75,0,2100,"bu","13:36:43",11245400
27.75,0,1000,"bu","13:36:39",11243300
27.7,-0.05,2600,"sd","13:36:37",11242300
27.7,-0.05,1900,"sd","13:36:36",11239700
27.7,-0.05,101200,"sd","13:36:35",11237800
27.7,-0.05,100,"sd","13:36:34",11136600
27.7,-0.05,5000,"sd","13:36:33",11136500
27.7,-0.05,3100,"sd","13:36:32",11131500
27.7,-0.05,18600,"sd","13:36:30",11128400
27.7,-0.05,100,"sd","13:36:29",11109800
27.7,-0.05,3800,"sd","13:36:24",11109700
27.7,-0.05,1000,"sd","13:36:23",11105900
27.7,-0.05,2100,"sd","13:36:22",11104900
27.7,-0.05,1500,"sd","13:36:21",11102800
27.7,-0.05,800,"sd","13:36:20",11101300
27.7,-0.05,48600,"sd","13:36:18",11100500
27.7,-0.05,3000,"sd","13:36:17",11051900
27.7,-0.05,300,"sd","13:36:14",11048900
27.7,-0.05,800,"sd","13:36:14",11048600
27.7,-0.05,2000,"sd","13:36:13",11047800
27.7,-0.05,10000,"sd","13:36:12",11045800
27.7,-0.05,5000,"sd","13:36:11",11035800
27.7,-0.05,14200,"sd","13:36:10",11030800
27.7,-0.05,2100,"sd","13:36:05",11016600
27.7,-0.05,49400,"sd","13:36:03",11014500
27.7,-0.05,800,"sd","13:36:03",10965100
27.7,-0.05,65000,"sd","13:36:00",10964300
27.7,-0.05,9400,"sd","13:35:58",10899300
27.7,-0.05,4500,"sd","13:35:52",10889900
27.7,-0.05,10000,"sd","13:35:50",10885400
27.7,-0.05,1800,"sd","13:35:47",10875400
27.7,-0.05,800,"sd","13:35:45",10873600
27.75,0,300,"bu","13:35:43",10872800
27.7,-0.05,5000,"sd","13:35:42",10872500
27.7,-0.05,1400,"sd","13:35:32",10867500
27.7,-0.05,16900,"sd","13:35:27",10866100
27.7,-0.05,2200,"sd","13:35:25",10849200
27.7,-0.05,800,"sd","13:35:23",10847000
27.7,-0.05,5000,"sd","13:35:22",10846200
27.7,-0.05,8900,"sd","13:35:20",10841200
27.75,0,1000,"bu","13:35:19",10832300
27.7,-0.05,4000,"sd","13:35:15",10831300
27.7,-0.05,400,"sd","13:35:13",10827300
27.7,-0.05,800,"sd","13:35:11",10826900
27.7,-0.05,2000,"sd","13:35:08",10826100
27.7,-0.05,1000,"sd","13:35:01",10824100
27.7,-0.05,300,"sd","13:34:57",10823100
27.7,-0.05,50000,"sd","13:34:56",10822800
27.7,-0.05,800,"sd","13:34:52",10772800
27.7,-0.05,15000,"sd","13:34:51",10772000
27.7,-0.05,1700,"sd","13:34:48",10757000
27.7,-0.05,4800,"sd","13:34:40",10755300
27.7,-0.05,800,"sd","13:34:35",10750500
27.7,-0.05,100,"sd","13:34:35",10749700
27.7,-0.05,1400,"sd","13:34:33",10749600
27.7,-0.05,1000,"sd","13:34:32",10748200
27.7,-0.05,100,"sd","13:34:30",10747200
27.7,-0.05,2700,"sd","13:34:22",10747100
27.7,-0.05,3000,"sd","13:34:17",10744400
27.7,-0.05,1200,"sd","13:34:11",10741400
27.7,-0.05,5000,"sd","13:34:10",10740200
27.7,-0.05,100,"sd","13:34:09",10735200
27.75,0,1000,"bu","13:34:04",10735100
27.7,-0.05,4500,"sd","13:34:02",10734100
27.7,-0.05,800,"sd","13:34:01",10729600
27.7,-0.05,1800,"sd","13:34:00",10728800
27.7,-0.05,1000,"sd","13:33:53",10727000
27.7,-0.05,2300,"sd","13:33:45",10726000
27.7,-0.05,700,"sd","13:33:42",10723700
27.7,-0.05,2000,"sd","13:33:38",10723000
27.7,-0.05,1800,"sd","13:33:26",10721000
27.7,-0.05,800,"sd","13:33:25",10719200
27.7,-0.05,5300,"sd","13:33:23",10718400
27.7,-0.05,800,"sd","13:33:20",10713100
27.75,0,21000,"bu","13:33:19",10712300
27.7,-0.05,3100,"sd","13:33:11",10691300
27.7,-0.05,2100,"sd","13:33:09",10688200
27.7,-0.05,800,"sd","13:33:08",10686100
27.75,0,2100,"bu","13:33:06",10685300
27.75,0,100,"bu","13:32:56",10683200
27.7,-0.05,800,"sd","13:32:49",10683100
27.7,-0.05,102000,"sd","13:32:47",10682300
27.7,-0.05,10000,"sd","13:32:46",10580300
27.7,-0.05,4000,"sd","13:32:45",10570300
27.7,-0.05,6000,"sd","13:32:41",10566300
27.7,-0.05,4200,"sd","13:32:38",10560300
27.75,0,2800,"bu","13:32:36",10556100
27.7,-0.05,300,"sd","13:32:35",10553300
27.7,-0.05,2500,"sd","13:32:34",10553000
27.7,-0.05,1100,"sd","13:32:33",10550500
27.7,-0.05,800,"sd","13:32:32",10549400
27.7,-0.05,1000,"sd","13:32:24",10548600
27.7,-0.05,10000,"sd","13:32:22",10547600
27.7,-0.05,900,"sd","13:32:18",10537600
27.7,-0.05,309900,"bu","13:32:15",10536700
27.65,-0.1,800,"sd","13:32:14",10226800
27.7,-0.05,1000,"bu","13:32:14",10226000
27.65,-0.1,4100,"sd","13:32:06",10225000
27.65,-0.1,2200,"sd","13:32:02",10220900
27.65,-0.1,800,"sd","13:31:58",10218700
27.7,-0.05,1000,"bu","13:31:56",10217900
27.7,-0.05,3700,"bu","13:31:55",10216900
27.7,-0.05,2000,"bu","13:31:54",10213200
27.65,-0.1,400,"sd","13:31:49",10211200
27.7,-0.05,208300,"sd","13:31:47",10210800
27.75,0,100,"bu","13:31:47",10002500
27.7,-0.05,500,"sd","13:31:42",10002400
27.7,-0.05,800,"sd","13:31:39",10001900
27.75,0,4000,"bu","13:31:39",10001100
27.7,-0.05,110000,"sd","13:31:39",9997100
27.7,-0.05,1000,"sd","13:31:37",9887100
27.7,-0.05,105000,"sd","13:31:34",9886100
27.75,0,300,"bu","13:31:33",9781100
27.7,-0.05,4500,"sd","13:31:28",9780800
27.7,-0.05,5000,"sd","13:31:27",9776300
27.7,-0.05,800,"sd","13:31:22",9771300
27.7,-0.05,1000,"sd","13:31:19",9770500
27.7,-0.05,700,"sd","13:31:17",9769500
27.7,-0.05,6000,"sd","13:31:12",9768800
27.7,-0.05,50000,"sd","13:31:07",9762800
27.7,-0.05,800,"sd","13:31:04",9712800
27.75,0,2100,"bu","13:30:56",9712000
27.75,0,1000,"bu","13:30:55",9709900
27.75,0,2000,"bu","13:30:52",9708900
27.7,-0.05,4300,"sd","13:30:49",9706900
27.7,-0.05,200,"sd","13:30:49",9702600
27.7,-0.05,700,"sd","13:30:48",9702400
27.7,-0.05,400,"sd","13:30:46",9701700
27.7,-0.05,13100,"sd","13:30:42",9701300
27.7,-0.05,800,"sd","13:30:29",9688200
27.75,0,1000,"bu","13:30:29",9687400
27.7,-0.05,1000,"sd","13:30:28",9686400
27.7,-0.05,2500,"sd","13:30:28",9685400
27.7,-0.05,4700,"sd","13:30:15",9682900
27.7,-0.05,800,"sd","13:30:13",9678200
27.7,-0.05,1400,"sd","13:30:02",9677400
27.75,0,100,"bu","13:30:02",9676000
27.7,-0.05,800,"sd","13:29:55",9675900
27.75,0,15000,"bu","13:29:52",9675100
27.7,-0.05,5000,"sd","13:29:48",9660100
27.7,-0.05,2200,"sd","13:29:47",9655100
27.7,-0.05,4400,"sd","13:29:40",9652900
27.7,-0.05,800,"sd","13:29:38",9648500
27.75,0,2200,"bu","13:29:29",9647700
27.75,0,1000,"bu","13:29:27",9645500
27.7,-0.05,1000,"sd","13:29:20",9644500
27.75,0,600,"bu","13:29:20",9643500
27.7,-0.05,800,"sd","13:29:19",9642900
27.7,-0.05,20000,"sd","13:29:14",9642100
27.7,-0.05,800,"sd","13:29:13",9622100
27.7,-0.05,800,"sd","13:29:09",9621300
27.7,-0.05,4700,"sd","13:29:03",9620500
27.7,-0.05,800,"sd","13:29:02",9615800
27.7,-0.05,100,"sd","13:28:58",9615000
27.7,-0.05,800,"sd","13:28:44",9614900
27.7,-0.05,300,"sd","13:28:41",9614100
27.7,-0.05,2200,"sd","13:28:39",9613800
27.7,-0.05,800,"sd","13:28:26",9611600
27.7,-0.05,5400,"sd","13:28:23",9610800
27.75,0,2000,"bu","13:28:21",9605400
27.7,-0.05,1000,"sd","13:28:18",9603400
27.7,-0.05,1000,"sd","13:28:13",9602400
27.7,-0.05,800,"sd","13:28:09",9601400
27.7,-0.05,10000,"sd","13:28:06",9600600
27.7,-0.05,700,"sd","13:27:51",9590600
27.75,0,1000,"bu","13:27:51",9589900
27.7,-0.05,4800,"sd","13:27:38",9588900
27.7,-0.05,800,"sd","13:27:34",9584100
27.75,0,500,"bu","13:27:30",9583300
27.7,-0.05,100,"sd","13:27:25",9582800
27.7,-0.05,11100,"sd","13:27:20",9582700
27.7,-0.05,800,"sd","13:27:16",9571600
27.7,-0.05,700,"sd","13:27:10",9570800
27.7,-0.05,1000,"sd","13:27:05",9570100
27.7,-0.05,800,"sd","13:26:59",9569100
27.7,-0.05,4500,"sd","13:26:58",9568300
27.75,0,1000,"bu","13:26:50",9563800
27.75,0,100,"bu","13:26:42",9562800
27.7,-0.05,800,"sd","13:26:41",9562700
27.75,0,2100,"bu","13:26:36",9561900
27.75,0,1000,"bu","13:26:28",9559800
27.7,-0.05,3000,"sd","13:26:24",9558800
27.7,-0.05,5300,"sd","13:26:20",9555800
27.75,0,100,"bu","13:26:17",9550500
27.7,-0.05,800,"sd","13:26:06",9550400
27.7,-0.05,5000,"sd","13:26:02",9549600
27.75,0,3000,"bu","13:26:02",9544600
27.7,-0.05,500,"sd","13:26:02",9541600
27.7,-0.05,200,"sd","13:26:00",9541100
27.7,-0.05,1000,"sd","13:25:57",9540900
27.7,-0.05,800,"sd","13:25:49",9539900
27.7,-0.05,100,"sd","13:25:43",9539100
27.75,0,100,"bu","13:25:34",9539000
27.75,0,600,"bu","13:25:33",9538900
27.7,-0.05,800,"sd","13:25:32",9537900
27.7,-0.05,800,"sd","13:25:22",9537100
27.7,-0.05,2100,"sd","13:25:16",9536300
27.7,-0.05,800,"sd","13:25:14",9534200
27.75,0,100,"bu","13:25:09",9532900
27.75,0,100,"bu","13:25:09",9532800
27.7,-0.05,800,"sd","13:25:07",9532700
27.75,0,21000,"bu","13:25:06",9531900
27.75,0,100000,"bu","13:24:58",9510900
27.7,-0.05,800,"sd","13:24:56",9410900
27.75,0,1000,"bu","13:24:55",9410100
27.7,-0.05,100,"sd","13:24:54",9409100
27.7,-0.05,400,"sd","13:24:49",9409000
27.7,-0.05,1000,"sd","13:24:48",9408600
27.7,-0.05,700,"sd","13:24:39",9407600
27.75,0,100,"bu","13:24:32",9406900
27.75,0,1000,"bu","13:24:28",9406800
27.75,0,24600,"sd","13:24:27",9405800
27.75,0,200,"sd","13:24:24",9381200
27.75,0,800,"sd","13:24:22",9381000
27.75,0,100,"sd","13:24:19",9380200
27.8,0.05,20000,"bu","13:24:17",9380100
27.75,0,10000,"sd","13:24:12",9360100
27.8,0.05,2000,"bu","13:24:11",9350100
27.75,0,2200,"sd","13:24:08",9348100
27.75,0,800,"sd","13:24:03",9345900
27.75,0,1000,"sd","13:23:57",9345100
27.75,0,100,"sd","13:23:54",9344100
27.75,0,18300,"bu","13:23:53",9344000
27.75,0,10700,"bu","13:23:52",9325700
27.75,0,5000,"bu","13:23:51",9315000
27.7,-0.05,800,"sd","13:23:46",9310000
27.75,0,10000,"bu","13:23:44",9309200
27.7,-0.05,1000,"sd","13:23:40",9299200
27.7,-0.05,3000,"sd","13:23:39",9298200
27.75,0,200,"bu","13:23:39",9295200
27.75,0,200000,"bu","13:23:36",9295000
27.7,-0.05,800,"sd","13:23:28",9095000
27.75,0,1000,"bu","13:23:28",9094200
27.75,0,1000,"bu","13:23:22",9093200
27.75,0,400,"bu","13:23:17",9092200
27.75,0,1000,"bu","13:23:16",9091800
27.7,-0.05,800,"sd","13:23:12",9090800
27.75,0,10000,"bu","13:23:11",9090000
27.75,0,10000,"bu","13:23:06",9080000
27.7,-0.05,800,"sd","13:23:04",9070000
27.75,0,2100,"bu","13:22:59",9069200
27.75,0,500,"bu","13:22:58",9067100
27.75,0,800,"bu","13:22:54",9066600
27.7,-0.05,800,"sd","13:22:53",9065800
27.75,0,1000,"bu","13:22:52",9065000
27.75,0,5000,"bu","13:22:48",9064000
27.75,0,500,"bu","13:22:46",9059000
27.75,0,7200,"bu","13:22:42",9058500
27.7,-0.05,800,"sd","13:22:36",9051300
27.7,-0.05,1000,"sd","13:22:32",9050500
27.75,0,100,"bu","13:22:31",9049500
27.7,-0.05,300,"sd","13:22:25",9049400
27.75,0,10000,"bu","13:22:23",9049100
27.7,-0.05,800,"sd","13:22:18",9039100
27.75,0,2200,"bu","13:22:15",9038300
27.75,0,2000,"bu","13:22:13",9036100
27.75,0,14400,"bu","13:22:09",9034100
27.75,0,10300,"bu","13:22:04",9019700
27.7,-0.05,800,"sd","13:22:01",9009400
27.75,0,1000,"bu","13:22:01",9008600
27.75,0,1000,"bu","13:22:00",9007600
27.7,-0.05,4800,"sd","13:21:59",9006600
27.75,0,200,"bu","13:21:57",9001800
27.7,-0.05,2100,"sd","13:21:53",9001600
27.7,-0.05,1700,"sd","13:21:47",8999500
27.75,0,1000,"bu","13:21:44",8997800
27.7,-0.05,700,"sd","13:21:43",8996800
27.75,0,10000,"bu","13:21:43",8996100
27.75,0,1000,"bu","13:21:37",8986100
27.75,0,2100,"bu","13:21:32",8985100
27.75,0,2000,"bu","13:21:31",8983000
27.7,-0.05,800,"sd","13:21:27",8981000
27.75,0,25000,"bu","13:21:25",8980200
27.7,-0.05,1000,"sd","13:21:23",8955200
27.7,-0.05,14000,"sd","13:21:19",8954200
27.7,-0.05,4600,"sd","13:21:19",8940200
27.75,0,10000,"bu","13:21:17",8935600
27.75,0,300,"bu","13:21:11",8925600
27.7,-0.05,800,"sd","13:21:09",8925300
27.75,0,2500,"bu","13:21:06",8924500
27.7,-0.05,700,"sd","13:21:01",8922000
27.7,-0.05,100,"sd","13:20:56",8921300
27.7,-0.05,100,"sd","13:20:53",8921200
27.7,-0.05,800,"sd","13:20:51",8921100
27.75,0,2100,"bu","13:20:49",8920300
27.75,0,200,"bu","13:20:47",8918200
27.75,0,5000,"bu","13:20:42",8918000
27.7,-0.05,200,"sd","13:20:42",8913000
27.75,0,1000,"bu","13:20:40",8912800
27.7,-0.05,5500,"sd","13:20:40",8911800
27.7,-0.05,800,"sd","13:20:34",8906300
27.7,-0.05,100,"sd","13:20:33",8905500
27.75,0,1000,"bu","13:20:32",8905400
27.7,-0.05,300,"sd","13:20:19",8904400
27.75,0,1000,"bu","13:20:17",8904100
27.7,-0.05,800,"sd","13:20:16",8903100
27.7,-0.05,1000,"sd","13:20:15",8902300
27.7,-0.05,100,"sd","13:20:09",8901300
27.7,-0.05,800,"sd","13:19:58",8901200
27.7,-0.05,5000,"sd","13:19:58",8900400
27.75,0,1100,"bu","13:19:53",8895400
27.75,0,1000,"bu","13:19:48",8894300
27.75,0,100,"bu","13:19:48",8893300
27.7,-0.05,200,"sd","13:19:45",8893200
27.7,-0.05,800,"sd","13:19:40",8893000
27.7,-0.05,10000,"sd","13:19:39",8892200
27.7,-0.05,2100,"sd","13:19:38",8882200
27.7,-0.05,200,"sd","13:19:34",8880100
27.7,-0.05,400,"sd","13:19:25",8879900
27.7,-0.05,800,"sd","13:19:23",8879500
27.7,-0.05,5700,"sd","13:19:18",8878700
27.7,-0.05,300,"sd","13:19:17",8873000
27.7,-0.05,1000,"sd","13:19:08",8872700
27.7,-0.05,800,"sd","13:19:05",8871700
27.7,-0.05,800,"sd","13:18:58",8870900
27.7,-0.05,800,"sd","13:18:48",8870100
27.7,-0.05,400,"sd","13:18:43",8869300
27.7,-0.05,2900,"sd","13:18:30",8868900
27.7,-0.05,5000,"sd","13:18:28",8866000
27.7,-0.05,800,"sd","13:18:13",8861000
27.7,-0.05,1000,"sd","13:18:00",8860200
27.7,-0.05,800,"sd","13:17:55",8859200
27.75,0,2200,"bu","13:17:55",8858400
27.75,0,1000,"bu","13:17:46",8856200
27.7,-0.05,4500,"sd","13:17:40",8855200
27.7,-0.05,1900,"sd","13:17:39",8850700
27.7,-0.05,800,"sd","13:17:38",8848800
27.7,-0.05,100000,"sd","13:17:37",8848000
27.7,-0.05,100,"sd","13:17:32",8748000
27.7,-0.05,200,"sd","13:17:30",8747900
27.7,-0.05,300,"sd","13:17:26",8747700
27.7,-0.05,2200,"sd","13:17:23",8747400
27.7,-0.05,800,"sd","13:17:20",8745200
27.7,-0.05,9500,"sd","13:17:16",8744400
27.7,-0.05,10000,"sd","13:17:06",8734900
27.7,-0.05,800,"sd","13:17:03",8724900
27.7,-0.05,800,"sd","13:16:55",8724100
27.7,-0.05,200,"sd","13:16:53",8723300
27.7,-0.05,1000,"sd","13:16:50",8723100
27.7,-0.05,2000,"sd","13:16:49",8722100
27.7,-0.05,800,"sd","13:16:45",8720100
27.75,0,5300,"bu","13:16:45",8719300
27.7,-0.05,500,"sd","13:16:43",8714000
27.7,-0.05,200,"sd","13:16:34",8713500
27.7,-0.05,800,"sd","13:16:28",8713300
27.7,-0.05,400,"sd","13:16:23",8712500
27.7,-0.05,700,"sd","13:16:20",8712100
27.7,-0.05,100,"sd","13:16:19",8711400
27.7,-0.05,100,"sd","13:16:18",8711300
27.7,-0.05,600,"sd","13:16:16",8711200
27.7,-0.05,78400,"bu","13:16:15",8710600
27.7,-0.05,1400,"bu","13:16:13",8632200
27.65,-0.1,800,"sd","13:16:10",8630800
27.65,-0.1,400,"sd","13:16:09",8630000
27.7,-0.05,100,"bu","13:16:05",8629600
27.7,-0.05,100,"bu","13:16:03",8629500
27.7,-0.05,500,"bu","13:15:59",8629400
27.7,-0.05,100,"bu","13:15:57",8628900
27.7,-0.05,1000,"bu","13:15:55",8628800
27.65,-0.1,800,"sd","13:15:53",8627800
27.7,-0.05,1000,"bu","13:15:51",8627000
27.7,-0.05,1000,"bu","13:15:49",8626000
27.7,-0.05,1000,"bu","13:15:47",8625000
27.65,-0.1,4000,"sd","13:15:47",8624000
27.65,-0.1,1000,"sd","13:15:43",8620000
27.65,-0.1,700,"sd","13:15:36",8619000
27.7,-0.05,10000,"bu","13:15:34",8618300
27.7,-0.05,500,"bu","13:15:27",8608300
27.7,-0.05,100,"bu","13:15:26",8607800
27.65,-0.1,300,"sd","13:15:23",8607700
27.65,-0.1,300,"sd","13:15:23",8607400
27.65,-0.1,800,"sd","13:15:18",8607100
27.65,-0.1,5100,"sd","13:15:13",8606300
27.7,-0.05,1000,"bu","13:15:09",8601200
27.65,-0.1,2200,"sd","13:15:08",8600200
27.65,-0.1,1500,"sd","13:15:06",8598000
27.65,-0.1,200,"sd","13:15:05",8596500
27.7,-0.05,1000,"bu","13:15:03",8596300
27.65,-0.1,800,"sd","13:15:01",8595300
27.65,-0.1,78000,"sd","13:14:59",8594500
27.65,-0.1,1500,"sd","13:14:54",8516500
27.65,-0.1,800,"sd","13:14:43",8515000
27.65,-0.1,500,"sd","13:14:41",8514200
27.65,-0.1,1000,"sd","13:14:35",8513700
27.7,-0.05,300,"bu","13:14:35",8512700
27.7,-0.05,100,"bu","13:14:31",8512400
27.65,-0.1,4200,"sd","13:14:30",8512300
27.65,-0.1,800,"sd","13:14:25",8508100
27.65,-0.1,800,"sd","13:14:08",8507300
27.65,-0.1,2100,"sd","13:14:00",8506500
27.65,-0.1,5300,"sd","13:13:53",8504400
27.65,-0.1,800,"sd","13:13:51",8499100
27.65,-0.1,400,"sd","13:13:48",8498300
27.7,-0.05,3200,"bu","13:13:36",8497900
27.7,-0.05,2000,"bu","13:13:35",8494700
27.7,-0.05,1900,"bu","13:13:33",8492700
27.65,-0.1,800,"sd","13:13:32",8490800
27.65,-0.1,1000,"sd","13:13:26",8490000
27.65,-0.1,2500,"sd","13:13:23",8489000
27.65,-0.1,100,"sd","13:13:20",8486500
27.7,-0.05,1000,"bu","13:13:16",8486400
27.65,-0.1,100,"sd","13:13:16",8485400
27.65,-0.1,800,"sd","13:13:15",8485300
27.65,-0.1,4500,"sd","13:13:10",8484500
27.7,-0.05,1700,"bu","13:13:09",8480000
27.65,-0.1,300,"sd","13:13:02",8478300
27.7,-0.05,2000,"bu","13:12:58",8478000
27.65,-0.1,800,"sd","13:12:58",8476000
27.65,-0.1,2200,"sd","13:12:53",8475200
27.65,-0.1,800,"sd","13:12:40",8473000
27.65,-0.1,4000,"sd","13:12:33",8472200
27.65,-0.1,700,"sd","13:12:22",8468200
27.65,-0.1,1000,"sd","13:12:18",8467500
27.65,-0.1,500,"sd","13:12:15",8466500
27.65,-0.1,800,"sd","13:12:05",8466000
27.65,-0.1,500,"sd","13:11:58",8465200
27.65,-0.1,4200,"sd","13:11:57",8464700
27.7,-0.05,1000,"bu","13:11:54",8460500
27.65,-0.1,10000,"sd","13:11:50",8459500
27.65,-0.1,800,"sd","13:11:48",8449500
27.65,-0.1,2200,"sd","13:11:45",8448700
27.65,-0.1,5000,"sd","13:11:36",8446500
27.65,-0.1,800,"sd","13:11:30",8441500
27.65,-0.1,4200,"sd","13:11:22",8440700
27.7,-0.05,79000,"sd","13:11:20",8436500
27.7,-0.05,100,"sd","13:11:16",8357500
27.7,-0.05,800,"sd","13:11:12",8357400
27.7,-0.05,1000,"sd","13:11:09",8356600
27.7,-0.05,22500,"sd","13:11:00",8355600
27.7,-0.05,2700,"sd","13:10:55",8333100
27.7,-0.05,6900,"sd","13:10:47",8330400
27.7,-0.05,800,"sd","13:10:46",8323500
27.7,-0.05,100,"sd","13:10:41",8322700
27.7,-0.05,1000,"sd","13:10:40",8322600
27.7,-0.05,800,"sd","13:10:38",8321600
27.7,-0.05,2100,"sd","13:10:37",8320800
27.7,-0.05,500,"sd","13:10:35",8318700
27.7,-0.05,800,"sd","13:10:29",8318200
27.75,0,1000,"bu","13:10:26",8317400
27.7,-0.05,4000,"sd","13:10:25",8316400
27.7,-0.05,60500,"bu","13:10:22",8312400
27.7,-0.05,3000,"bu","13:10:21",8251900
27.65,-0.1,800,"sd","13:10:19",8248900
27.65,-0.1,1000,"sd","13:10:14",8248100
27.7,-0.05,100,"bu","13:10:04",8247100
27.65,-0.1,800,"sd","13:10:03",8247000
27.65,-0.1,1000,"sd","13:10:01",8246200
27.7,-0.05,3900,"sd","13:10:01",8245200
27.7,-0.05,300,"sd","13:10:00",8241300
27.7,-0.05,500,"sd","13:09:55",8241000
27.7,-0.05,400,"sd","13:09:54",8240500
27.7,-0.05,1900,"sd","13:09:50",8240100
27.7,-0.05,1200,"sd","13:09:48",8238200
27.7,-0.05,1000,"sd","13:09:47",8237000
27.7,-0.05,800,"sd","13:09:44",8236000
27.7,-0.05,1500,"sd","13:09:44",8235200
27.7,-0.05,1000,"sd","13:09:39",8233700
27.7,-0.05,3500,"sd","13:09:38",8232700
27.7,-0.05,5300,"sd","13:09:36",8229200
27.7,-0.05,5400,"sd","13:09:33",8223900
27.7,-0.05,2200,"sd","13:09:29",8218500
27.7,-0.05,700,"sd","13:09:27",8216300
27.7,-0.05,500,"sd","13:09:26",8215600
27.7,-0.05,10000,"sd","13:09:25",8215100
27.7,-0.05,500,"sd","13:09:24",8205100
27.9,0.1,300,"sd","13:21:59",18100900
27.9,0.1,4200,"sd","13:21:56",18100600
27.95,0.15,300,"bu","13:21:53",18096400
27.9,0.1,6000,"sd","13:21:50",18096100
27.9,0.1,100000,"sd","13:21:46",18090100
27.95,0.15,300,"bu","13:21:45",17990100
27.9,0.1,2000,"sd","13:21:39",17989800
27.95,0.15,300,"bu","13:21:36",17987800
27.9,0.1,1500,"sd","13:21:30",17987500
27.95,0.15,300,"bu","13:21:27",17986000
27.9,0.1,600,"sd","13:21:26",17985700
27.9,0.1,200,"sd","13:21:20",17985100
27.95,0.15,300,"bu","13:21:17",17984900
27.9,0.1,600,"sd","13:21:11",17984600
27.9,0.1,100,"sd","13:21:09",17984000
27.95,0.15,300,"bu","13:21:09",17983900
27.95,0.15,300,"bu","13:20:59",17983600
27.9,0.1,100,"sd","13:20:54",17983300
27.9,0.1,4800,"bu","13:20:53",17983200
27.9,0.1,5300,"bu","13:20:52",17978400
27.65,-0.1,800,"sd","13:08:00",8000200
27.65,-0.1,12600,"bu","13:07:56",7999400
27.65,-0.1,12600,"sd","13:07:50",7986800
27.65,-0.1,91200,"bu","13:07:46",7974200
27.6,-0.15,1000,"sd","13:07:45",7883000
27.6,-0.15,800,"sd","13:07:42",7882000
27.65,-0.1,1000,"bu","13:07:41",7881200
27.65,-0.1,12800,"sd","13:07:39",7880200
27.65,-0.1,100,"sd","13:07:34",7867400
27.7,-0.05,10000,"bu","13:07:33",7867300
27.65,-0.1,1000,"sd","13:07:30",7857300
27.65,-0.1,4200,"sd","13:07:29",7856300
27.7,-0.05,1000,"bu","13:07:29",7852100
27.65,-0.1,200,"sd","13:07:27",7851100
27.65,-0.1,800,"sd","13:07:24",7850900
27.65,-0.1,100000,"sd","13:07:24",7850100
27.65,-0.1,1000,"sd","13:07:23",7750100
27.65,-0.1,2000,"sd","13:07:16",7749100
27.65,-0.1,2200,"sd","13:07:15",7747100
27.65,-0.1,87700,"sd","13:07:13",7744900
27.65,-0.1,66300,"sd","13:07:12",7657200
27.7,-0.05,5000,"bu","13:07:08",7590900
27.65,-0.1,800,"sd","13:07:08",7585900
27.65,-0.1,5000,"sd","13:07:00",7585100
27.65,-0.1,3900,"sd","13:06:54",7580100
27.65,-0.1,800,"sd","13:06:49",7576200
27.65,-0.1,300,"sd","13:06:46",7575400
27.7,-0.05,3500,"bu","13:06:37",7575100
27.65,-0.1,1000,"sd","13:06:37",7571600
27.65,-0.1,700,"sd","13:06:32",7570600
27.65,-0.1,3900,"sd","13:06:21",7569900
27.65,-0.1,800,"sd","13:06:14",7566000
27.65,-0.1,10000,"sd","13:06:13",7565200
27.65,-0.1,6300,"sd","13:06:07",7555200
27.7,-0.05,1000,"bu","13:06:01",7548900
27.7,-0.05,100,"bu","13:06:00",7547900
27.65,-0.1,800,"sd","13:05:56",7547800
27.7,-0.05,400,"bu","13:05:56",7547000
27.7,-0.05,100,"bu","13:05:52",7546600
27.7,-0.05,5000,"bu","13:05:50",7546500
27.65,-0.1,4700,"sd","13:05:48",7541500
27.65,-0.1,2000,"sd","13:05:44",7536800
27.7,-0.05,500,"bu","13:05:41",7534800
27.65,-0.1,800,"sd","13:05:39",7534300
27.65,-0.1,1700,"sd","13:05:36",7533500
27.65,-0.1,1000,"sd","13:05:29",7531800
27.65,-0.1,800,"sd","13:05:21",7530800
27.65,-0.1,30000,"sd","13:05:19",7530000
27.65,-0.1,1000,"sd","13:05:15",7500000
27.65,-0.1,4000,"sd","13:05:09",7499000
27.65,-0.1,800,"sd","13:05:04",7495000
27.65,-0.1,5100,"sd","13:04:59",7494200
27.65,-0.1,20000,"sd","13:04:54",7489100
27.65,-0.1,800,"sd","13:04:46",7469100
27.65,-0.1,4200,"sd","13:04:35",7468300
27.7,-0.05,1000,"bu","13:04:35",7464100
27.65,-0.1,800,"sd","13:04:29",7463100
27.7,-0.05,400,"bu","13:04:27",7462300
27.65,-0.1,700,"sd","13:04:25",7461900
27.65,-0.1,1000,"sd","13:04:21",7461200
27.7,-0.05,700,"bu","13:04:17",7460200
27.65,-0.1,500,"sd","13:04:15",7459500
27.65,-0.1,800,"sd","13:04:11",7459000
27.7,-0.05,2000,"bu","13:04:11",7458200
27.7,-0.05,1500,"bu","13:04:01",7456200
27.65,-0.1,800,"sd","13:03:54",7454700
27.65,-0.1,2200,"sd","13:03:51",7453900
27.65,-0.1,5000,"sd","13:03:49",7451700
27.7,-0.05,300,"bu","13:03:44",7446700
27.65,-0.1,300,"sd","13:03:38",7446400
27.65,-0.1,800,"sd","13:03:37",7446100
27.65,-0.1,2000,"sd","13:03:34",7445300
27.65,-0.1,1000,"sd","13:03:32",7443300
27.65,-0.1,700,"sd","13:03:19",7442300
27.65,-0.1,5000,"sd","13:03:19",7441600
27.7,-0.05,300,"bu","13:03:15",7436600
27.7,-0.05,1000,"bu","13:03:07",7436300
27.7,-0.05,4000,"bu","13:03:03",7435300
27.65,-0.1,800,"sd","13:03:01",7431300
27.7,-0.05,3000,"bu","13:02:53",7430500
27.65,-0.1,1400,"sd","13:02:48",7427500
27.65,-0.1,400,"sd","13:02:46",7426100
27.65,-0.1,2100,"sd","13:02:45",7425700
27.65,-0.1,800,"sd","13:02:44",7423600
27.65,-0.1,5000,"sd","13:02:36",7422800
27.65,-0.1,800,"sd","13:02:26",7417800
27.7,-0.05,100,"bu","13:02:22",7417000
27.65,-0.1,200,"sd","13:02:10",7416900
27.7,-0.05,100000,"bu","13:02:10",7416700
27.65,-0.1,800,"sd","13:02:09",7316700
27.65,-0.1,7500,"sd","13:02:05",7315900
27.65,-0.1,800,"sd","13:01:52",7308400
27.7,-0.05,1000,"bu","13:01:49",7307600
27.65,-0.1,2000,"sd","13:01:47",7306600
27.7,-0.05,500,"bu","13:01:42",7304600
27.65,-0.1,300,"sd","13:01:41",7304100
27.7,-0.05,34000,"bu","13:01:37",7303800
27.65,-0.1,2700,"sd","13:01:37",7269800
27.65,-0.1,1000,"sd","13:01:32",7267100
27.65,-0.1,100,"sd","13:01:15",7266100
27.7,-0.05,1000,"bu","13:01:15",7266000
27.65,-0.1,2000,"sd","13:01:13",7265000
27.65,-0.1,2400,"sd","13:01:02",7263000
27.65,-0.1,43000,"bu","13:00:58",7260600
27.6,-0.15,4000,"sd","13:00:57",7217600
27.6,-0.15,1000,"sd","13:00:39",7213600
27.6,-0.15,400,"sd","13:00:30",7212600
27.65,-0.1,10000,"bu","13:00:30",7212200
27.6,-0.15,1000,"sd","13:00:30",7202200
27.65,-0.1,5000,"bu","13:00:30",7201200
27.6,-0.15,300,"sd","13:00:29",7196200
27.65,-0.1,100,"bu","13:00:26",7195900
27.65,-0.1,3100,"bu","13:00:26",7195800
27.65,-0.1,300,"bu","13:00:25",7192700
27.65,-0.1,500,"bu","13:00:24",7192400
27.65,-0.1,9900,"bu","13:00:23",7191900
27.65,-0.1,600,"bu","13:00:22",7182000
27.65,-0.1,1100,"bu","13:00:21",7181400
27.65,-0.1,1000,"bu","13:00:20",7180300
27.65,-0.1,400,"bu","13:00:20",7179300
27.6,-0.15,100,"sd","13:00:19",7178900
27.65,-0.1,900,"bu","13:00:17",7178800
27.65,-0.1,100,"bu","13:00:16",7177900
27.65,-0.1,5200,"bu","13:00:16",7177800
27.65,-0.1,6300,"bu","13:00:15",7172600
27.65,-0.1,2000,"bu","13:00:14",7166300
27.6,-0.15,100,"sd","13:00:14",7164300
27.65,-0.1,5200,"bu","13:00:13",7164200
27.65,-0.1,3300,"bu","13:00:13",7159000
27.65,-0.1,100,"bu","13:00:12",7155700
27.65,-0.1,1200,"bu","13:00:11",7155600
27.6,-0.15,100,"sd","13:00:10",7154400
27.65,-0.1,1500,"bu","13:00:10",7154300
27.65,-0.1,500,"bu","13:00:09",7152800
27.6,-0.15,200,"sd","13:00:09",7152300
27.65,-0.1,100,"bu","13:00:09",7152100
27.65,-0.1,1100,"bu","13:00:08",7152000
27.65,-0.1,1000,"bu","13:00:07",7150900
27.65,-0.1,300,"bu","13:00:07",7149900
27.65,-0.1,900,"bu","13:00:06",7149600
27.65,-0.1,500,"bu","13:00:05",7148700
27.65,-0.1,3000,"bu","13:00:05",7148200
27.65,-0.1,1100,"bu","13:00:04",7145200
27.65,-0.1,300,"bu","13:00:04",7144100
27.65,-0.1,3500,"bu","13:00:03",7143800
27.65,-0.1,100,"bu","13:00:03",7140300
27.65,-0.1,100,"bu","13:00:02",7140200
27.65,-0.1,400,"bu","13:00:02",7140100
27.6,-0.15,500,"sd","13:00:02",7139700
27.65,-0.1,100,"bu","13:00:02",7139200
27.6,-0.15,500,"sd","13:00:01",7139100
27.65,-0.1,42500,"sd","13:00:01",7138600
27.65,-0.1,1000,"sd","11:29:36",7096100
27.65,-0.1,100,"sd","11:29:27",7095100
27.7,-0.05,100,"bu","11:29:07",7095000
27.65,-0.1,200,"sd","11:29:06",7094900
27.65,-0.1,3500,"sd","11:29:04",7094700
27.65,-0.1,1500,"sd","11:29:00",7091200
27.65,-0.1,200,"sd","11:29:00",7089700
27.65,-0.1,800,"sd","11:28:59",7089500
27.7,-0.05,1100,"bu","11:28:59",7088700
27.7,-0.05,200,"bu","11:28:53",7087600
27.65,-0.1,1300,"sd","11:28:49",7087400
27.65,-0.1,10000,"sd","11:28:49",7086100
27.7,-0.05,2000,"bu","11:28:23",7076100
27.7,-0.05,11600,"bu","11:28:17",7074100
27.65,-0.1,1600,"sd","11:28:16",7062500
27.7,-0.05,5000,"bu","11:28:14",7060900
27.65,-0.1,2200,"sd","11:28:13",7055900
27.65,-0.1,400,"sd","11:28:11",7053700
27.65,-0.1,300,"sd","11:27:59",7053300
27.65,-0.1,1500,"sd","11:27:37",7053000
27.65,-0.1,800,"sd","11:27:29",7051500
27.65,-0.1,100000,"sd","11:27:24",7050700
27.65,-0.1,100,"sd","11:27:23",6950700
27.7,-0.05,500,"bu","11:27:18",6950600
27.65,-0.1,3000,"sd","11:27:14",6950100
27.65,-0.1,2100,"sd","11:27:06",6947100
27.7,-0.05,20000,"bu","11:27:06",6945000
27.65,-0.1,3000,"sd","11:27:06",6925000
27.65,-0.1,1400,"sd","11:27:00",6922000
27.65,-0.1,300,"sd","11:26:59",6920600
27.65,-0.1,5000,"sd","11:26:51",6920300
27.7,-0.05,900,"bu","11:26:38",6915300
27.65,-0.1,1400,"sd","11:26:25",6914400
27.65,-0.1,300,"sd","11:25:59",6913000
27.65,-0.1,2200,"sd","11:25:58",6912700
27.65,-0.1,1600,"sd","11:25:49",6910500
27.65,-0.1,700,"sd","11:25:34",6908900
27.65,-0.1,1000,"sd","11:25:27",6908200
27.65,-0.1,200,"sd","11:25:24",6907200
27.65,-0.1,1300,"sd","11:25:11",6907000
27.65,-0.1,100,"sd","11:25:02",6905700
27.65,-0.1,600,"sd","11:24:59",6905600
27.65,-0.1,500,"sd","11:24:59",6905000
27.65,-0.1,2200,"sd","11:24:51",6904500
27.65,-0.1,1400,"sd","11:24:38",6902300
27.65,-0.1,600,"sd","11:24:16",6900900
27.7,-0.05,5300,"bu","11:24:09",6900300
27.65,-0.1,1300,"sd","11:24:02",6895000
27.65,-0.1,19000,"sd","11:23:58",6893700
27.7,-0.05,1000,"bu","11:23:54",6874700
27.7,-0.05,1000,"bu","11:23:51",6873700
27.7,-0.05,100,"bu","11:23:48",6872700
27.65,-0.1,200,"sd","11:23:45",6872600
27.7,-0.05,100,"bu","11:23:31",6872400
27.65,-0.1,1400,"sd","11:23:30",6872300
27.7,-0.05,2000,"bu","11:23:27",6870900
27.65,-0.1,17400,"sd","11:23:26",6868900
27.65,-0.1,2600,"sd","11:23:26",6851500
27.7,-0.05,5300,"bu","11:23:23",6848900
27.7,-0.05,2000,"bu","11:23:20",6843600
27.7,-0.05,1000,"bu","11:23:15",6841600
27.65,-0.1,200,"sd","11:23:15",6840600
27.7,-0.05,100,"bu","11:23:01",6840400
27.65,-0.1,1300,"sd","11:22:55",6840300
27.65,-0.1,80000,"sd","11:22:40",6839000
27.65,-0.1,2200,"sd","11:22:35",6759000
27.65,-0.1,1000,"sd","11:22:24",6756800
27.65,-0.1,100,"sd","11:22:19",6755800
27.65,-0.1,300,"sd","11:22:08",6755700
27.7,-0.05,5300,"bu","11:22:03",6755400
27.65,-0.1,9300,"bu","11:21:54",6750100
27.65,-0.1,2000,"bu","11:21:52",6740800
27.65,-0.1,10000,"bu","11:21:50",6738800
27.65,-0.1,3800,"bu","11:21:45",6728800
27.65,-0.1,500,"bu","11:21:44",6725000
27.65,-0.1,12300,"bu","11:21:38",6724500
27.65,-0.1,300,"bu","11:21:35",6712200
27.65,-0.1,300,"bu","11:21:29",6711900
27.65,-0.1,3000,"bu","11:21:24",6711600
27.6,-0.15,500,"sd","11:21:22",6708600
27.65,-0.1,4600,"bu","11:21:22",6708100
27.65,-0.1,5400,"bu","11:21:21",6703500
27.65,-0.1,5000,"bu","11:21:15",6698100
27.65,-0.1,5300,"bu","11:21:14",6693100
27.65,-0.1,6000,"bu","11:21:11",6687800
27.6,-0.15,1400,"sd","11:21:08",6681800
27.65,-0.1,300,"bu","11:21:01",6680400
27.65,-0.1,2000,"bu","11:20:59",6680100
27.65,-0.1,5000,"bu","11:20:56",6678100
27.65,-0.1,100,"bu","11:20:50",6673100
27.65,-0.1,5300,"bu","11:20:47",6655000
27.65,-0.1,1000,"bu","11:20:46",6649700
27.6,-0.15,1300,"sd","11:20:36",6648700
27.65,-0.1,2000,"bu","11:20:29",6647400
27.65,-0.1,200,"bu","11:20:21",6645400
27.65,-0.1,5300,"bu","11:20:17",6645200
27.6,-0.15,1000,"sd","11:20:15",6639900
27.65,-0.1,300,"bu","11:20:13",6638900
27.6,-0.15,1300,"sd","11:20:04",6638600
27.65,-0.1,1000,"bu","11:19:54",6637300
27.65,-0.1,200,"bu","11:19:47",6636300
27.6,-0.15,1000,"sd","11:19:37",6636100
27.6,-0.15,1400,"sd","11:19:30",6635100
27.6,-0.15,8000,"sd","11:19:25",6633700
27.6,-0.15,2200,"sd","11:19:12",6625700
27.6,-0.15,1400,"sd","11:18:54",6623500
27.6,-0.15,800,"sd","11:18:48",6622100
27.65,-0.1,3600,"bu","11:18:37",6621300
27.6,-0.15,100,"sd","11:18:36",6617700
27.6,-0.15,1300,"sd","11:18:21",6617600
27.65,-0.1,3000,"bu","11:18:18",6616300
27.65,-0.1,2000,"bu","11:18:16",6613300
27.65,-0.1,400,"bu","11:18:15",6611300
27.65,-0.1,1000,"bu","11:18:13",6610900
27.65,-0.1,2500,"bu","11:18:11",6609900
27.65,-0.1,1000,"bu","11:17:56",6607400
27.6,-0.15,1400,"sd","11:17:48",6606400
27.6,-0.15,1000,"sd","11:17:47",6605000
27.6,-0.15,100000,"sd","11:17:31",6604000
27.65,-0.1,5000,"bu","11:17:27",6504000
27.6,-0.15,5300,"sd","11:17:14",6499000
27.65,-0.1,200,"bu","11:17:13",6493700
27.65,-0.1,1000,"bu","11:17:08",6493500
27.65,-0.1,1500,"bu","11:17:01",6492500
27.65,-0.1,95000,"sd","11:16:57",6491000
27.65,-0.1,2000,"sd","11:16:54",6396000
27.7,-0.05,2000,"bu","11:16:49",6394000
27.7,-0.05,1000,"bu","11:16:49",6392000
27.7,-0.05,1000,"bu","11:16:46",6391000
27.65,-0.1,1300,"sd","11:16:38",6390000
27.65,-0.1,5000,"sd","11:16:21",6388700
27.7,-0.05,300,"bu","11:16:13",6383700
27.65,-0.1,1300,"sd","11:16:03",6383400
27.65,-0.1,2100,"sd","11:15:50",6382100
27.65,-0.1,1300,"sd","11:15:30",6380000
27.65,-0.1,100,"sd","11:15:25",6378700
27.7,-0.05,2000,"bu","11:15:23",6378600
27.7,-0.05,1000,"bu","11:15:21",6376600
27.65,-0.1,50000,"sd","11:15:10",6375600
27.65,-0.1,1500,"sd","11:14:59",6325600
27.65,-0.1,200,"sd","11:14:51",6324100
27.65,-0.1,2200,"sd","11:14:42",6323900
27.65,-0.1,1500,"sd","11:14:30",6321700
27.7,-0.05,500,"bu","11:14:26",6320200
27.65,-0.1,1500,"sd","11:14:22",6319700
27.7,-0.05,500,"bu","11:14:09",6318200
27.7,-0.05,2000,"bu","11:13:56",6317700
27.65,-0.1,3000,"sd","11:13:55",6315700
27.7,-0.05,1000,"bu","11:13:51",6312700
27.65,-0.1,1500,"sd","11:13:44",6311700
27.65,-0.1,5500,"sd","11:13:41",6310200
27.7,-0.05,500,"bu","11:13:28",6304700
27.65,-0.1,1300,"sd","11:13:08",6304200
27.65,-0.1,1500,"sd","11:13:03",6302900
27.65,-0.1,5200,"sd","11:13:01",6301400
27.65,-0.1,1000,"sd","11:12:55",6296200
27.65,-0.1,2700,"sd","11:12:42",6295200
27.65,-0.1,1300,"sd","11:12:34",6292500
27.7,-0.05,2000,"bu","11:12:29",6291200
27.7,-0.05,100,"bu","11:12:23",6289200
27.7,-0.05,1000,"bu","11:12:22",6289100
27.7,-0.05,100,"bu","11:12:13",6288100
27.65,-0.1,1700,"sd","11:12:01",6288000
27.65,-0.1,20000,"sd","11:11:57",6286300
27.65,-0.1,3400,"sd","11:11:53",6266300
27.65,-0.1,400,"sd","11:11:37",6262900
27.65,-0.1,5000,"sd","11:11:30",6262500
27.65,-0.1,500,"sd","11:11:22",6257500
27.65,-0.1,1200,"sd","11:11:21",6257000
27.65,-0.1,2200,"sd","11:11:19",6255800
27.65,-0.1,3000,"sd","11:11:17",6253600
27.65,-0.1,8100,"sd","11:11:14",6250600
27.65,-0.1,400,"sd","11:11:09",6242500
27.65,-0.1,2500,"sd","11:10:50",6242100
27.65,-0.1,1500,"sd","11:10:49",6239600
27.65,-0.1,5600,"sd","11:10:44",6238100
27.65,-0.1,5000,"sd","11:10:34",6232500
27.65,-0.1,1300,"sd","11:10:12",6227500
27.65,-0.1,2100,"sd","11:10:12",6226200
27.65,-0.1,22700,"bu","11:10:11",6224100
27.65,-0.1,700,"bu","11:09:52",6201400
27.65,-0.1,1000,"bu","11:09:51",6200700
27.65,-0.1,1000,"bu","11:09:50",6199700
27.65,-0.1,500,"bu","11:09:46",6198700
27.65,-0.1,1000,"bu","11:09:43",6198200
27.6,-0.15,1400,"sd","11:09:40",6197200
27.65,-0.1,300,"bu","11:09:40",6195800
27.65,-0.1,200,"bu","11:09:40",6195500
27.65,-0.1,300,"bu","11:09:37",6195300
27.65,-0.1,2000,"bu","11:09:35",6195000
27.65,-0.1,400,"bu","11:09:33",6193000
27.65,-0.1,1000,"bu","11:09:27",6192600
27.65,-0.1,5000,"bu","11:09:25",6191600
27.65,-0.1,2800,"bu","11:09:19",6186600
27.65,-0.1,7000,"bu","11:09:17",6183800
27.6,-0.15,1400,"sd","11:09:07",6176800
27.65,-0.1,2000,"bu","11:08:52",6175400
27.65,-0.1,200,"bu","11:08:41",6173400
27.65,-0.1,100,"sd","11:08:40",6173200
27.6,-0.15,200,"sd","11:08:37",6173100
27.6,-0.15,100,"sd","11:08:31",6172900
27.6,-0.15,600,"sd","11:08:31",6172800
27.65,-0.1,30600,"sd","11:08:31",6172200
27.65,-0.1,20000,"sd","11:08:18",6141600
27.65,-0.1,6000,"sd","11:08:17",6121600
27.65,-0.1,1000,"sd","11:08:16",6115600
27.65,-0.1,14700,"sd","11:08:04",6114600
27.65,-0.1,15300,"sd","11:08:04",6099900
27.7,-0.05,1000,"bu","11:07:59",6084600
27.65,-0.1,4400,"sd","11:07:59",6083600
27.65,-0.1,2200,"sd","11:07:56",6079200
27.65,-0.1,1000,"sd","11:07:55",6077000
27.65,-0.1,400,"sd","11:07:48",6076000
27.65,-0.1,2000,"sd","11:07:42",6075600
27.65,-0.1,200,"sd","11:07:40",6073600
27.7,-0.05,400,"bu","11:07:38",6073400
27.65,-0.1,1300,"sd","11:07:25",6073000
27.65,-0.1,3000,"sd","11:07:17",6071700
27.65,-0.1,1500,"sd","11:06:52",6068700
27.65,-0.1,3000,"sd","11:06:48",6067200
27.7,-0.05,300,"bu","11:06:43",6064200
27.7,-0.05,2000,"bu","11:06:42",6063900
27.7,-0.05,1000,"bu","11:06:32",6061900
27.65,-0.1,2000,"sd","11:06:27",6060900
27.7,-0.05,1000,"bu","11:06:22",6058900
27.7,-0.05,1000,"bu","11:06:18",6057900
27.65,-0.1,1400,"sd","11:06:14",6056900
27.7,-0.05,700,"bu","11:06:14",6055500
27.65,-0.1,67000,"sd","11:06:06",6054800
27.65,-0.1,100,"sd","11:05:51",5987800
27.65,-0.1,900,"sd","11:05:41",5987700
27.65,-0.1,2800,"sd","11:05:41",5986800
27.65,-0.1,5000,"sd","11:05:35",5984000
27.7,-0.05,15000,"bu","11:05:34",5979000
27.65,-0.1,1500,"sd","11:05:30",5964000
27.65,-0.1,3000,"sd","11:05:24",5962500
27.65,-0.1,10000,"sd","11:05:13",5959500
27.65,-0.1,2000,"sd","11:05:11",5949500
27.7,-0.05,500,"bu","11:05:11",5947500
27.65,-0.1,100,"sd","11:05:06",5947000
27.7,-0.05,1000,"bu","11:05:04",5946900
27.65,-0.1,1300,"sd","11:05:03",5945900
27.65,-0.1,5000,"sd","11:04:57",5944600
27.65,-0.1,200,"sd","11:04:44",5939600
27.65,-0.1,100,"sd","11:04:41",5939400
27.65,-0.1,2200,"sd","11:04:33",5939300
27.65,-0.1,1500,"sd","11:04:31",5937100
27.65,-0.1,500,"sd","11:04:20",5935600
27.65,-0.1,1000,"sd","11:04:17",5935100
27.65,-0.1,3000,"sd","11:04:12",5934100
27.65,-0.1,200,"sd","11:04:04",5931100
27.65,-0.1,1600,"sd","11:03:53",5930900
27.7,-0.05,100,"bu","11:03:51",5929300
27.7,-0.05,2000,"bu","11:03:49",5929200
27.7,-0.05,1000,"bu","11:03:38",5927200
27.65,-0.1,3000,"sd","11:03:37",5926200
27.65,-0.1,2100,"sd","11:03:26",5923200
27.65,-0.1,100,"sd","11:03:21",5921100
27.65,-0.1,5000,"sd","11:03:17",5921000
27.65,-0.1,1500,"sd","11:03:15",5916000
27.65,-0.1,300,"sd","11:02:56",5914500
27.65,-0.1,1000,"sd","11:02:55",5914200
27.65,-0.1,400,"sd","11:02:54",5913200
27.65,-0.1,1300,"sd","11:02:38",5912800
27.7,-0.05,2000,"bu","11:02:22",5911500
27.7,-0.05,500,"bu","11:02:21",5909500
27.7,-0.05,1000,"bu","11:02:12",5909000
27.65,-0.1,1600,"sd","11:02:05",5908000
27.65,-0.1,1400,"sd","11:01:25",5906400
27.7,-0.05,100,"bu","11:01:23",5905000
27.7,-0.05,300,"bu","11:01:14",5904900
27.7,-0.05,1000,"bu","11:01:09",5904600
27.7,-0.05,2000,"bu","11:00:54",5903600
27.7,-0.05,1000,"bu","11:00:54",5901600
27.65,-0.1,1700,"sd","11:00:50",5900600
27.7,-0.05,100,"bu","11:00:11",5898900
27.65,-0.1,1600,"sd","11:00:08",5898800
27.7,-0.05,100,"bu","10:59:55",5897200
27.65,-0.1,10000,"sd","10:59:40",5897100
27.65,-0.1,500,"sd","10:59:34",5887100
27.7,-0.05,2000,"bu","10:59:28",5886600
27.7,-0.05,1000,"bu","10:59:25",5884600
27.7,-0.05,1000,"bu","10:59:13",5883600
27.65,-0.1,1100,"sd","10:58:57",5882600
27.7,-0.05,39400,"bu","10:58:55",5881500
27.65,-0.1,2200,"sd","10:58:55",5842100
27.65,-0.1,100,"sd","10:58:52",5839900
27.65,-0.1,100,"sd","10:58:39",5839800
27.65,-0.1,300,"sd","10:58:35",5839700
27.65,-0.1,16100,"bu","10:58:33",5839400
27.65,-0.1,200,"bu","10:58:33",5823300
27.65,-0.1,100,"bu","10:58:32",5823100
27.65,-0.1,30000,"bu","10:58:31",5823000
27.65,-0.1,500,"bu","10:58:28",5793000
27.65,-0.1,1000,"bu","10:58:27",5792500
27.65,-0.1,200,"bu","10:58:22",5791500
27.65,-0.1,1000,"bu","10:58:18",5791300
27.65,-0.1,200,"bu","10:58:16",5790300
27.65,-0.1,1100,"bu","10:58:11",5785100
27.65,-0.1,300,"bu","10:58:10",5784000
27.65,-0.1,10000,"bu","10:58:08",5783700
27.6,-0.15,1500,"sd","10:58:08",5773700
27.65,-0.1,1000,"bu","10:58:07",5772200
27.65,-0.1,26400,"bu","10:58:06",5771200
27.65,-0.1,2000,"bu","10:58:04",5744800
27.65,-0.1,3100,"bu","10:58:02",5742800
27.65,-0.1,40700,"bu","10:58:01",5739700
27.65,-0.1,100,"bu","10:57:55",5699000
27.65,-0.1,700,"bu","10:57:54",5698900
27.65,-0.1,5000,"bu","10:57:52",5698200
27.65,-0.1,19000,"bu","10:57:50",5693200
27.65,-0.1,200,"bu","10:57:47",5674200
27.65,-0.1,1000,"bu","10:57:46",5674000
27.65,-0.1,1100,"bu","10:57:40",5673000
27.65,-0.1,1000,"bu","10:57:32",5671900
27.6,-0.15,1400,"sd","10:57:31",5670900
27.65,-0.1,200,"bu","10:57:30",5669500
27.65,-0.1,2000,"bu","10:57:18",5669300
27.65,-0.1,1000,"bu","10:57:13",5667300
27.65,-0.1,2000,"bu","10:57:11",5666300
27.65,-0.1,1000,"bu","10:57:06",5664300
27.6,-0.15,100,"sd","10:57:04",5663300
27.65,-0.1,3000,"bu","10:57:02",5663200
27.65,-0.1,5000,"bu","10:57:01",5660200
27.6,-0.15,1500,"sd","10:56:55",5655200
27.65,-0.1,200,"bu","10:56:51",5653700
27.65,-0.1,500,"bu","10:56:44",5653500
27.65,-0.1,2000,"bu","10:56:34",5653000
27.65,-0.1,2000,"bu","10:56:28",5651000
27.65,-0.1,1000,"bu","10:56:27",5649000
27.6,-0.15,500,"sd","10:56:24",5648000
27.65,-0.1,1000,"bu","10:56:23",5647500
27.6,-0.15,1400,"sd","10:56:19",5646500
27.65,-0.1,100,"bu","10:56:17",5645100
27.6,-0.15,200,"sd","10:56:10",5645000
27.6,-0.15,400,"sd","10:56:01",5644800
27.65,-0.1,200,"bu","10:56:00",5644400
27.65,-0.1,1000,"bu","10:55:56",5644200
27.65,-0.1,2000,"bu","10:55:51",5643200
27.65,-0.1,100,"bu","10:55:50",5641200
27.6,-0.15,500,"sd","10:55:49",5641100
27.6,-0.15,1500,"sd","10:55:45",5640600
27.65,-0.1,100,"bu","10:55:44",5639100
27.6,-0.15,400,"sd","10:55:42",5639000
27.6,-0.15,100,"sd","10:55:40",5638600
27.65,-0.1,1400,"bu","10:55:40",5638500
27.6,-0.15,2100,"sd","10:55:33",5637100
27.6,-0.15,1400,"sd","10:55:08",5635000
27.6,-0.15,1500,"sd","10:55:05",5633600
27.6,-0.15,2300,"sd","10:54:54",5632100
27.6,-0.15,1500,"sd","10:54:45",5629800
27.6,-0.15,1000,"sd","10:54:43",5628300
27.6,-0.15,5000,"sd","10:54:42",5627300
27.6,-0.15,1800,"sd","10:54:38",5622300
27.6,-0.15,2000,"sd","10:54:33",5620500
27.6,-0.15,1300,"sd","10:54:32",5618500
27.6,-0.15,1000,"sd","10:54:30",5617200
27.6,-0.15,20000,"sd","10:54:27",5616200
27.6,-0.15,3200,"sd","10:54:25",5596200
27.6,-0.15,1000,"sd","10:54:09",5593000
27.55,-0.2,94400,"sd","10:54:07",5592000
27.6,-0.15,55600,"sd","10:54:07",5497600
27.6,-0.15,700,"sd","10:54:03",5442000
27.6,-0.15,1300,"sd","10:53:59",5441300
27.6,-0.15,23100,"bu","10:53:59",5440000
27.6,-0.15,1000,"bu","10:53:58",5416900
27.6,-0.15,3000,"bu","10:53:57",5415900
27.6,-0.15,53000,"bu","10:53:55",5412900
27.6,-0.15,500,"bu","10:53:53",5359900
27.6,-0.15,300,"bu","10:53:52",5359400
27.6,-0.15,500,"bu","10:53:51",5359100
27.6,-0.15,100,"bu","10:53:48",5358600
27.6,-0.15,2000,"bu","10:53:48",5358500
27.6,-0.15,1200,"bu","10:53:47",5356500
27.6,-0.15,200,"bu","10:53:44",5355300
27.6,-0.15,1300,"bu","10:53:44",5355100
27.6,-0.15,200,"bu","10:53:43",5353800
27.6,-0.15,10000,"bu","10:53:43",5353600
27.6,-0.15,2000,"bu","10:53:41",5343600
27.6,-0.15,3000,"bu","10:53:41",5341600
27.6,-0.15,3000,"bu","10:53:37",5338600
27.6,-0.15,15100,"bu","10:53:36",5335600
