"price","change","match_qtty","side","time","total_vol"
4.28,-0.08,365200,"","14:45:00",10973000
4.29,-0.07,4000,"sd","14:29:45",10607800
4.29,-0.07,2000,"sd","14:29:44",10603800
4.29,-0.07,1300,"sd","14:29:42",10601800
4.3,-0.06,5000,"bu","14:29:41",10600500
4.29,-0.07,4500,"sd","14:29:39",10595500
4.29,-0.07,5000,"sd","14:29:37",10591000
4.29,-0.07,49000,"sd","14:29:33",10586000
4.29,-0.07,20400,"sd","14:29:32",10537000
4.3,-0.06,7000,"bu","14:29:31",10516600
4.3,-0.06,3000,"bu","14:29:30",10509600
4.3,-0.06,400,"bu","14:29:23",10506600
4.29,-0.07,15000,"sd","14:29:20",10506200
4.3,-0.06,1000,"bu","14:29:20",10491200
4.3,-0.06,1000,"bu","14:29:18",10490200
4.3,-0.06,2000,"bu","14:29:09",10489200
4.3,-0.06,40000,"bu","14:29:03",10487200
4.3,-0.06,600,"sd","14:28:54",10447200
4.3,-0.06,1800,"sd","14:28:53",10446600
4.3,-0.06,33000,"sd","14:28:51",10444800
4.3,-0.06,300,"sd","14:28:48",10411800
4.31,-0.05,200,"bu","14:28:46",10411500
4.3,-0.06,3000,"sd","14:28:43",10411300
4.3,-0.06,5000,"sd","14:28:39",10408300
4.3,-0.06,500,"sd","14:28:32",10403300
4.31,-0.05,2000,"bu","14:28:30",10402800
4.3,-0.06,18000,"sd","14:28:27",10400800
4.31,-0.05,100,"bu","14:28:18",10382800
4.31,-0.05,9000,"sd","14:28:12",10382700
4.31,-0.05,2000,"bu","14:28:09",10373700
4.3,-0.06,1700,"sd","14:28:02",10371700
4.31,-0.05,13000,"sd","14:27:59",10367300
4.31,-0.05,4100,"bu","14:27:53",10354300
4.3,-0.06,400,"bu","14:27:53",10350200
4.3,-0.06,1600,"sd","14:27:50",10349800
4.31,-0.05,1300,"bu","14:27:49",10348200
4.3,-0.06,2400,"bu","14:27:47",10346900
4.3,-0.06,10000,"sd","14:27:44",10344500
4.3,-0.06,20000,"sd","14:27:37",10334500
4.31,-0.05,100,"bu","14:27:36",10314500
4.31,-0.05,1000,"bu","14:27:28",10314400
4.3,-0.06,25000,"sd","14:27:26",10313400
4.3,-0.06,50000,"sd","14:27:21",10288400
4.31,-0.05,100,"bu","14:27:19",10238400
4.31,-0.05,4700,"bu","14:27:10",10238300
4.3,-0.06,70000,"sd","14:27:09",10233600
4.31,-0.05,1300,"bu","14:27:05",10163600
4.31,-0.05,100,"bu","14:26:53",10162300
4.3,-0.06,8600,"sd","14:26:43",10162200
4.31,-0.05,5000,"sd","14:26:39",10153200
4.31,-0.05,200,"sd","14:26:38",10148200
4.32,-0.04,100,"bu","14:26:22",10148000
4.32,-0.04,200,"bu","14:26:07",10147900
4.32,-0.04,11500,"bu","14:26:06",10147700
4.31,-0.05,9500,"bu","14:26:06",10136200
4.31,-0.05,3700,"bu","14:25:59",10126700
4.3,-0.06,24400,"bu","14:25:48",10123000
4.29,-0.07,78600,"bu","14:25:48",10098600
4.29,-0.07,10000,"bu","14:25:29",10020000
4.29,-0.07,100,"bu","14:25:16",10010000
4.29,-0.07,10000,"bu","14:25:14",10009900
4.29,-0.07,1400,"sd","14:25:12",9999900
4.3,-0.06,200,"bu","14:25:12",9998500
4.29,-0.07,1000,"sd","14:25:08",9998300
4.29,-0.07,1000,"sd","14:25:00",9997300
4.29,-0.07,27000,"sd","14:24:59",9996300
4.29,-0.07,50000,"sd","14:24:55",9969300
4.3,-0.06,100,"bu","14:24:51",9919300
4.29,-0.07,11800,"sd","14:24:43",9919200
4.29,-0.07,500,"sd","14:24:35",9907400
4.29,-0.07,300,"sd","14:24:31",9906900
4.3,-0.06,2000,"bu","14:24:26",9906600
4.3,-0.06,1000,"bu","14:24:03",9904600
4.3,-0.06,10000,"bu","14:23:58",9903600
4.3,-0.06,200,"bu","14:23:55",9893600
4.3,-0.06,200,"sd","14:23:46",9893400
4.3,-0.06,4800,"bu","14:23:43",9893200
4.3,-0.06,5500,"sd","14:23:37",9888400
4.3,-0.06,200,"sd","14:23:36",9882900
4.3,-0.06,1000,"sd","14:23:33",9882700
4.3,-0.06,3300,"bu","14:23:32",9881700
4.3,-0.06,500,"bu","14:23:28",9878400
4.3,-0.06,4400,"sd","14:23:20",9877900
4.3,-0.06,1300,"bu","14:22:50",9873500
4.3,-0.06,10000,"bu","14:22:49",9872200
4.29,-0.07,1400,"sd","14:22:39",9862200
4.3,-0.06,10000,"sd","14:22:04",9860800
4.31,-0.05,50000,"bu","14:21:58",9850800
4.3,-0.06,14000,"bu","14:21:55",9800800
4.3,-0.06,4800,"bu","14:21:50",9786800
4.3,-0.06,20100,"bu","14:21:40",9782000
4.3,-0.06,100,"bu","14:21:39",9761900
4.3,-0.06,20000,"bu","14:21:30",9761800
4.29,-0.07,1000,"sd","14:21:19",9741800
4.28,-0.08,3200,"sd","14:21:15",9740800
4.29,-0.07,1800,"sd","14:21:15",9737600
4.29,-0.07,200,"bu","14:21:13",9735800
4.29,-0.07,20000,"bu","14:21:12",9735600
4.28,-0.08,8000,"sd","14:20:54",9715600
4.28,-0.08,19600,"sd","14:20:43",9707600
4.28,-0.08,19800,"bu","14:20:28",9688000
4.28,-0.08,100,"bu","14:20:22",9668200
4.28,-0.08,100,"bu","14:20:15",9668100
4.29,-0.07,35600,"bu","14:19:51",9668000
4.27,-0.09,100,"sd","14:19:28",9618000
4.27,-0.09,1500,"sd","14:19:13",9617900
4.27,-0.09,400,"sd","14:19:11",9616400
4.27,-0.09,50000,"bu","14:18:53",9616000
4.26,-0.1,14000,"bu","14:18:53",9566000
4.26,-0.1,500,"bu","14:18:47",9552000
4.26,-0.1,500,"bu","14:18:44",9551500
4.26,-0.1,2000,"bu","14:18:39",9551000
4.26,-0.1,200,"bu","14:18:17",9549000
4.25,-0.11,5200,"sd","14:18:15",9548800
4.25,-0.11,10000,"sd","14:18:10",9543600
4.25,-0.11,1000,"sd","14:17:43",9533600
4.25,-0.11,4900,"sd","14:17:20",9532600
4.26,-0.1,100,"sd","14:17:20",9527700
4.28,-0.08,100,"bu","14:16:49",9527600
4.25,-0.11,9700,"sd","14:16:43",9527500
4.26,-0.1,300,"sd","14:16:43",9517800
4.25,-0.11,44500,"sd","14:16:38",9517500
4.26,-0.1,3800,"sd","14:16:38",9473000
4.26,-0.1,1000,"sd","14:16:30",9469200
4.26,-0.1,5900,"bu","14:16:27",9468200
4.26,-0.1,100,"bu","14:16:21",9462300
4.26,-0.1,6000,"bu","14:16:18",9462200
4.25,-0.11,13500,"sd","14:16:12",9456200
4.26,-0.1,100,"bu","14:16:12",9442700
4.25,-0.11,300,"sd","14:16:04",9442600
4.26,-0.1,200,"bu","14:16:02",9442300
4.26,-0.1,4000,"bu","14:16:01",9442100
4.26,-0.1,1000,"bu","14:16:00",9438100
4.26,-0.1,100,"bu","14:15:55",9437100
4.26,-0.1,200,"bu","14:15:53",9437000
4.26,-0.1,100,"bu","14:15:49",9436800
4.26,-0.1,2000,"bu","14:15:46",9436700
4.26,-0.1,600,"bu","14:15:39",9434700
4.26,-0.1,100,"bu","14:15:34",9434100
4.26,-0.1,100,"bu","14:15:31",9434000
4.26,-0.1,11900,"bu","14:15:22",9433900
4.26,-0.1,2600,"sd","14:15:10",9422000
4.26,-0.1,4000,"sd","14:14:30",9419400
4.26,-0.1,5000,"sd","14:14:18",9415400
4.26,-0.1,1800,"sd","14:14:05",9407800
4.27,-0.09,200,"sd","14:14:05",9406000
4.26,-0.1,18000,"sd","14:13:45",9405800
4.26,-0.1,200,"sd","14:13:45",9387800
4.26,-0.1,400,"sd","14:13:42",9387600
4.26,-0.1,1000,"sd","14:13:15",9387200
4.27,-0.09,6200,"sd","14:13:03",9386200
4.27,-0.09,200,"sd","14:12:59",9380000
4.28,-0.08,5800,"sd","14:12:40",9379800
4.28,-0.08,3200,"bu","14:12:35",9374000
4.28,-0.08,100,"bu","14:12:32",9370800
4.28,-0.08,1000,"bu","14:12:27",9370700
4.28,-0.08,100,"bu","14:12:27",9369700
4.28,-0.08,27800,"sd","14:12:24",9369600
4.29,-0.07,11700,"bu","14:12:12",9341800
4.28,-0.08,2500,"sd","14:12:11",9330100
4.28,-0.08,200,"sd","14:12:06",9327600
4.28,-0.08,20000,"sd","14:11:29",9327400
4.29,-0.07,300,"bu","14:11:06",9307400
4.29,-0.07,1000,"bu","14:10:55",9307100
4.29,-0.07,3000,"bu","14:10:44",9306100
4.29,-0.07,3200,"sd","14:10:36",9303100
4.29,-0.07,900,"sd","14:10:35",9299900
4.29,-0.07,1600,"bu","14:10:30",9299000
4.29,-0.07,18400,"sd","14:10:24",9297400
4.29,-0.07,2000,"bu","14:10:17",9279000
4.29,-0.07,7300,"bu","14:10:16",9277000
4.28,-0.08,400,"sd","14:10:14",9269700
4.29,-0.07,2000,"bu","14:10:05",9269300
4.29,-0.07,10000,"bu","14:10:01",9267300
4.29,-0.07,1000,"bu","14:09:57",9257300
4.28,-0.08,10000,"sd","14:09:55",9256300
4.29,-0.07,100,"bu","14:09:52",9246300
4.28,-0.08,2000,"sd","14:09:49",9246200
4.29,-0.07,1000,"bu","14:09:36",9244200
4.29,-0.07,400,"bu","14:09:34",9243200
4.29,-0.07,1000,"bu","14:08:56",9242800
4.29,-0.07,3000,"bu","14:08:50",9241800
4.29,-0.07,2100,"bu","14:08:21",9238800
4.29,-0.07,200,"bu","14:08:21",9236700
4.29,-0.07,5300,"bu","14:08:05",9236500
4.29,-0.07,900,"bu","14:07:47",9231200
4.29,-0.07,200,"bu","14:07:35",9230300
4.29,-0.07,1000,"bu","14:07:13",9230100
4.28,-0.08,100,"sd","14:07:08",9229100
4.29,-0.07,1000,"bu","14:06:54",9229000
4.28,-0.08,1500,"sd","14:06:52",9228000
4.29,-0.07,100,"bu","14:06:39",9226500
4.29,-0.07,1000,"bu","14:06:32",9226400
4.29,-0.07,100,"bu","14:06:28",9225400
4.29,-0.07,1000,"bu","14:06:21",9225300
4.29,-0.07,600,"bu","14:06:09",9224300
4.29,-0.07,1100,"sd","14:05:46",9223700
4.29,-0.07,900,"sd","14:05:28",9222600
4.29,-0.07,100,"sd","14:05:22",9221700
4.27,-0.09,3000,"sd","14:05:12",9221600
4.3,-0.06,10000,"sd","14:05:12",9218600
4.3,-0.06,26400,"bu","14:05:07",9208600
4.28,-0.08,3200,"bu","14:05:07",9182200
4.28,-0.08,1800,"sd","14:05:03",9179000
4.3,-0.06,2400,"bu","14:04:59",9177200
4.3,-0.06,5000,"sd","14:04:42",9174800
4.3,-0.06,9000,"bu","14:04:36",9169800
4.3,-0.06,100,"bu","14:04:28",9160800
4.3,-0.06,100,"bu","14:04:13",9160700
4.27,-0.09,1000,"sd","14:03:55",9160600
4.28,-0.08,100,"sd","14:03:45",9159600
4.3,-0.06,13900,"sd","14:03:39",9159500
4.3,-0.06,6000,"sd","14:03:38",9145600
4.31,-0.05,2400,"sd","14:03:33",9139600
4.31,-0.05,1000,"sd","14:03:30",9137200
4.31,-0.05,500,"sd","14:03:27",9136200
4.31,-0.05,200,"sd","14:03:22",9135700
4.31,-0.05,300,"sd","14:03:12",9135500
4.31,-0.05,100,"sd","14:03:03",9135200
4.32,-0.04,100,"bu","14:02:56",9135100
4.33,-0.03,11000,"bu","14:02:51",9135000
4.33,-0.03,5000,"bu","14:02:41",9124000
4.31,-0.05,1000,"sd","14:02:40",9119000
4.33,-0.03,100,"bu","14:02:39",9118000
4.33,-0.03,300,"bu","14:02:37",9117900
4.33,-0.03,300,"bu","14:02:33",9117600
4.33,-0.03,400,"bu","14:02:28",9117300
4.33,-0.03,45600,"bu","14:02:28",9116900
4.32,-0.04,200,"bu","14:02:28",9071300
4.33,-0.03,8800,"bu","14:02:14",9071100
4.32,-0.04,22000,"bu","14:02:14",9062300
4.31,-0.05,19200,"bu","14:02:14",9040300
4.31,-0.05,8000,"bu","14:02:06",9021100
4.3,-0.06,4400,"bu","14:01:59",9013100
4.3,-0.06,41000,"bu","14:01:58",9008700
4.3,-0.06,10000,"bu","14:01:57",8967700
4.3,-0.06,2100,"bu","14:01:55",8957700
4.3,-0.06,36200,"bu","14:01:54",8955600
4.3,-0.06,13800,"bu","14:01:54",8919400
4.3,-0.06,18400,"bu","14:01:45",8905600
4.3,-0.06,25200,"bu","14:01:34",8887200
4.29,-0.07,49500,"bu","14:01:34",8862000
4.28,-0.08,25300,"bu","14:01:34",8812500
4.27,-0.09,69300,"bu","14:01:32",8787200
4.26,-0.1,1000,"sd","14:01:30",8717900
4.27,-0.09,12000,"bu","14:01:24",8716900
4.26,-0.1,200,"sd","14:01:19",8704900
4.26,-0.1,2500,"sd","14:01:18",8704700
4.26,-0.1,27900,"bu","14:01:08",8702200
4.26,-0.1,1000,"bu","14:01:08",8674300
4.25,-0.11,39000,"sd","14:01:06",8673300
4.26,-0.1,30000,"bu","14:01:02",8634300
4.26,-0.1,30400,"bu","14:00:55",8604300
4.26,-0.1,1000,"bu","14:00:52",8573900
4.25,-0.11,1000,"sd","14:00:46",8572900
4.25,-0.11,8000,"bu","14:00:44",8571900
4.25,-0.11,10600,"bu","14:00:43",8563900
4.25,-0.11,15500,"bu","14:00:38",8553300
4.25,-0.11,500,"bu","14:00:36",8537800
4.25,-0.11,11000,"bu","14:00:32",8537300
4.25,-0.11,39000,"bu","14:00:31",8526300
4.24,-0.12,200,"sd","14:00:29",8487300
4.24,-0.12,100,"sd","14:00:28",8487100
4.25,-0.11,1000,"bu","14:00:17",8487000
4.25,-0.11,2000,"bu","14:00:07",8486000
4.24,-0.12,100,"sd","13:59:50",8484000
4.24,-0.12,5000,"sd","13:59:42",8483900
4.25,-0.11,200,"bu","13:59:39",8478900
4.24,-0.12,5000,"sd","13:59:28",8478700
4.24,-0.12,100,"sd","13:59:09",8473500
4.24,-0.12,500,"sd","13:58:48",8473400
4.24,-0.12,100,"sd","13:58:44",8472900
4.24,-0.12,500,"sd","13:58:38",8472800
4.24,-0.12,100,"sd","13:58:27",8472300
4.24,-0.12,200,"sd","13:58:15",8472200
4.24,-0.12,1600,"sd","13:58:11",8472000
4.24,-0.12,2500,"sd","13:58:07",8470400
4.24,-0.12,700,"sd","13:57:47",8467900
4.25,-0.11,200,"bu","13:57:46",8467200
4.24,-0.12,5000,"sd","13:57:34",8467000
4.25,-0.11,6500,"bu","13:57:27",8462000
4.25,-0.11,900,"bu","13:57:11",8455500
4.24,-0.12,2800,"sd","13:57:00",8454600
4.24,-0.12,5000,"sd","13:56:52",8451800
4.24,-0.12,2000,"sd","13:56:40",8446800
4.24,-0.12,11500,"bu","13:56:36",8444800
4.24,-0.12,100,"bu","13:56:35",8433300
4.24,-0.12,100,"bu","13:56:34",8433200
4.24,-0.12,50000,"bu","13:56:31",8433100
4.24,-0.12,1000,"bu","13:56:27",8383100
4.23,-0.13,1000,"sd","13:56:26",8382100
4.23,-0.13,40000,"sd","13:55:54",8381100
4.23,-0.13,10000,"sd","13:55:36",8341100
4.24,-0.12,100,"bu","13:55:29",8331100
4.24,-0.12,100,"bu","13:54:48",8331000
4.24,-0.12,1400,"sd","13:54:30",8330900
4.24,-0.12,5000,"sd","13:54:21",8329500
4.24,-0.12,1000,"sd","13:54:19",8324500
4.24,-0.12,100,"sd","13:54:00",8323500
4.24,-0.12,4500,"sd","13:53:57",8323400
4.24,-0.12,1000,"sd","13:53:42",8318900
4.24,-0.12,2700,"bu","13:53:34",8317900
4.24,-0.12,4800,"bu","13:53:23",8315200
4.24,-0.12,100,"bu","13:53:18",8310400
4.24,-0.12,100,"bu","13:53:17",8310300
4.24,-0.12,20000,"bu","13:53:16",8310200
4.23,-0.13,1400,"sd","13:53:15",8290200
4.24,-0.12,6000,"bu","13:53:06",8288800
4.24,-0.12,20200,"bu","13:52:57",8282800
4.23,-0.13,600,"sd","13:52:50",8262600
4.23,-0.13,700,"sd","13:52:34",8262000
4.23,-0.13,5000,"sd","13:52:29",8261300
4.24,-0.12,100,"bu","13:52:26",8256300
4.24,-0.12,300,"bu","13:52:26",8256200
4.24,-0.12,300,"bu","13:52:17",8255900
4.24,-0.12,100,"bu","13:52:12",8255600
4.24,-0.12,200,"bu","13:52:11",8255500
4.24,-0.12,3000,"bu","13:52:02",8255300
4.24,-0.12,5000,"bu","13:51:59",8252300
4.24,-0.12,20000,"bu","13:51:48",8247300
4.24,-0.12,100,"bu","13:51:33",8227300
4.24,-0.12,43600,"sd","13:51:29",8227200
4.24,-0.12,3000,"sd","13:50:58",8183600
4.24,-0.12,2000,"sd","13:50:33",8180600
4.24,-0.12,1100,"sd","13:50:15",8178600
4.24,-0.12,1000,"sd","13:49:32",8177500
4.24,-0.12,5100,"bu","13:49:15",8176500
4.24,-0.12,5000,"bu","13:49:08",8171400
4.24,-0.12,100,"bu","13:49:03",8166400
4.24,-0.12,1000,"bu","13:48:57",8166300
4.24,-0.12,200,"bu","13:48:55",8165300
4.24,-0.12,5000,"bu","13:48:50",8165100
4.24,-0.12,2000,"bu","13:48:46",8160100
4.24,-0.12,100,"bu","13:48:26",8158100
4.24,-0.12,100,"bu","13:48:25",8158000
4.24,-0.12,2000,"bu","13:47:58",8157900
4.24,-0.12,500,"bu","13:47:28",8155900
4.24,-0.12,10000,"bu","13:47:20",8155400
4.24,-0.12,100,"bu","13:47:19",8145400
4.24,-0.12,5000,"bu","13:47:12",8145300
4.24,-0.12,10000,"bu","13:47:04",8140300
4.24,-0.12,1000,"bu","13:46:54",8130300
4.24,-0.12,1000,"bu","13:46:41",8129300
4.24,-0.12,1000,"bu","13:46:32",8128300
4.24,-0.12,62100,"sd","13:45:55",8127300
4.24,-0.12,4500,"sd","13:45:54",8065200
4.25,-0.11,1000,"bu","13:45:47",8060700
4.25,-0.11,2000,"bu","13:45:42",8059700
4.25,-0.11,100,"bu","13:45:24",8057700
4.25,-0.11,14000,"bu","13:45:18",8057600
4.25,-0.11,1000,"bu","13:45:17",8043600
4.25,-0.11,1000,"bu","13:44:49",8042600
4.25,-0.11,500,"bu","13:44:23",8041600
4.24,-0.12,2000,"sd","13:43:52",8041100
4.25,-0.11,500,"bu","13:43:52",8039100
4.24,-0.12,500,"sd","13:43:31",8038600
4.25,-0.11,2300,"bu","13:43:23",8038100
4.24,-0.12,200,"sd","13:42:42",8035800
4.24,-0.12,2000,"sd","13:42:41",8035600
4.24,-0.12,1400,"bu","13:42:40",8033600
4.24,-0.12,200,"sd","13:42:26",8032200
4.24,-0.12,10000,"bu","13:42:01",8032000
4.23,-0.13,1600,"sd","13:41:47",8022000
4.24,-0.12,200,"bu","13:41:43",8020400
4.24,-0.12,1000,"bu","13:41:35",8020200
4.23,-0.13,5000,"sd","13:41:33",8019200
4.24,-0.12,100,"bu","13:41:27",8014200
4.24,-0.12,500,"bu","13:41:15",8014100
4.23,-0.13,10000,"sd","13:41:07",8013600
4.23,-0.13,29000,"sd","13:40:57",8003600
4.23,-0.13,2000,"sd","13:40:56",7974600
4.23,-0.13,47300,"bu","13:40:48",7972600
4.23,-0.13,2000,"bu","13:40:46",7925300
4.22,-0.14,5000,"sd","13:40:42",7923300
4.23,-0.13,1100,"bu","13:40:41",7918300
4.23,-0.13,100,"bu","13:40:34",7917200
4.23,-0.13,500,"bu","13:40:29",7917100
4.23,-0.13,400,"bu","13:40:22",7916600
4.23,-0.13,4000,"bu","13:40:15",7916200
4.23,-0.13,100,"bu","13:40:13",7912200
4.23,-0.13,500,"bu","13:40:06",7912100
4.23,-0.13,100,"bu","13:40:00",7911600
4.23,-0.13,500,"bu","13:39:55",7911500
4.23,-0.13,1000,"bu","13:39:50",7911000
4.23,-0.13,100,"bu","13:39:40",7910000
4.23,-0.13,200,"bu","13:39:31",7909900
4.22,-0.14,1600,"sd","13:39:27",7909700
4.23,-0.13,3000,"bu","13:39:25",7908100
4.23,-0.13,1000,"bu","13:39:21",7905100
4.23,-0.13,500,"bu","13:39:20",7904100
4.23,-0.13,100,"bu","13:39:16",7903600
4.23,-0.13,2000,"bu","13:39:03",7903500
4.23,-0.13,100,"bu","13:38:59",7901500
4.23,-0.13,1300,"bu","13:38:56",7901400
4.23,-0.13,100,"bu","13:38:51",7900100
4.23,-0.13,5000,"bu","13:38:44",7900000
4.23,-0.13,100,"bu","13:38:37",7895000
4.23,-0.13,5000,"bu","13:38:32",7894900
4.23,-0.13,300,"bu","13:38:27",7889900
4.23,-0.13,200,"bu","13:38:21",7889600
4.23,-0.13,500,"bu","13:38:19",7889400
4.23,-0.13,100,"bu","13:38:11",7888900
4.22,-0.14,1000,"sd","13:38:09",7888800
4.23,-0.13,200,"bu","13:38:08",7887800
4.23,-0.13,24000,"sd","13:37:58",7887600
4.24,-0.12,100,"bu","13:37:55",7863600
4.24,-0.12,4900,"sd","13:37:33",7863500
4.24,-0.12,3000,"sd","13:37:25",7858600
4.24,-0.12,3000,"sd","13:37:18",7855600
4.24,-0.12,5000,"sd","13:37:12",7852600
4.24,-0.12,100,"sd","13:37:04",7847600
4.24,-0.12,2000,"sd","13:36:55",7847500
4.25,-0.11,100,"bu","13:36:38",7845500
4.24,-0.12,1000,"sd","13:36:31",7845400
4.24,-0.12,1100,"bu","13:35:57",7844400
4.24,-0.12,4000,"bu","13:35:49",7843300
4.24,-0.12,2200,"bu","13:35:32",7839300
4.24,-0.12,20000,"bu","13:35:31",7837100
4.23,-0.13,8000,"sd","13:35:26",7817100
4.23,-0.13,400,"sd","13:35:24",7809100
4.23,-0.13,500,"sd","13:35:09",7808700
4.24,-0.12,100,"bu","13:35:06",7808200
4.23,-0.13,500,"sd","13:34:57",7808100
4.23,-0.13,1000,"sd","13:34:45",7807600
4.23,-0.13,3000,"sd","13:34:42",7806600
4.23,-0.13,200,"sd","13:34:40",7803600
4.23,-0.13,500,"sd","13:34:28",7803400
4.23,-0.13,1000,"sd","13:34:11",7802900
4.23,-0.13,1000,"sd","13:33:58",7801900
4.24,-0.12,2000,"bu","13:33:57",7800900
4.23,-0.13,200,"sd","13:33:46",7798900
4.24,-0.12,400,"bu","13:33:41",7798700
4.24,-0.12,700,"bu","13:33:34",7798300
4.23,-0.13,6000,"sd","13:33:33",7797600
4.23,-0.13,2700,"sd","13:33:32",7791600
4.23,-0.13,22300,"sd","13:33:27",7788900
4.23,-0.13,12000,"sd","13:33:15",7766600
4.23,-0.13,10000,"sd","13:33:11",7754600
4.23,-0.13,1000,"sd","13:33:03",7744600
4.23,-0.13,10000,"sd","13:33:00",7743600
4.23,-0.13,500,"sd","13:32:41",7733600
4.23,-0.13,1000,"sd","13:32:40",7733100
4.23,-0.13,800,"sd","13:32:38",7732100
4.24,-0.12,49100,"sd","13:32:33",7731300
4.24,-0.12,1000,"sd","13:32:29",7682200
4.24,-0.12,4000,"sd","13:32:11",7681200
4.25,-0.11,500,"bu","13:32:02",7677200
4.24,-0.12,700,"sd","13:32:02",7676700
4.24,-0.12,10000,"sd","13:31:55",7676000
4.25,-0.11,100,"bu","13:31:41",7666000
4.25,-0.11,100,"bu","13:31:38",7665900
4.25,-0.11,1000,"bu","13:31:33",7665800
4.25,-0.11,100,"bu","13:31:28",7664800
4.25,-0.11,200,"bu","13:31:26",7664700
4.25,-0.11,900,"bu","13:31:03",7664500
4.25,-0.11,800,"bu","13:30:49",7663600
4.24,-0.12,1000,"sd","13:30:47",7662800
4.25,-0.11,5000,"bu","13:30:32",7661800
4.25,-0.11,500,"bu","13:30:31",7656800
4.25,-0.11,2900,"sd","13:30:29",7656300
4.25,-0.11,3000,"sd","13:30:19",7653400
4.25,-0.11,1000,"sd","13:30:18",7650400
4.25,-0.11,1000,"sd","13:30:13",7649400
4.25,-0.11,200,"sd","13:30:10",7648400
4.25,-0.11,58800,"sd","13:30:05",7648200
4.25,-0.11,2800,"sd","13:30:04",7589400
4.26,-0.1,43000,"bu","13:30:00",7586600
4.25,-0.11,1900,"sd","13:30:00",7543600
4.25,-0.11,20000,"sd","13:29:47",7541700
4.25,-0.11,300,"sd","13:29:31",7521700
4.26,-0.1,200,"bu","13:29:28",7521400
4.26,-0.1,1300,"bu","13:29:21",7521200
4.26,-0.1,1000,"bu","13:28:38",7519900
4.26,-0.1,2000,"bu","13:28:04",7518900
4.25,-0.11,300,"sd","13:27:58",7516900
4.26,-0.1,1000,"bu","13:27:39",7516600
4.26,-0.1,100,"bu","13:27:35",7515600
4.26,-0.1,3100,"bu","13:27:32",7515500
4.26,-0.1,17000,"bu","13:27:29",7512400
4.25,-0.11,9000,"sd","13:27:25",7495400
4.26,-0.1,10000,"bu","13:27:05",7486400
4.26,-0.1,100,"bu","13:26:59",7476400
4.26,-0.1,1000,"bu","13:26:50",7476300
4.26,-0.1,500,"bu","13:26:31",7475300
4.26,-0.1,200,"bu","13:26:26",7474800
4.25,-0.11,4000,"sd","13:26:26",7474600
4.26,-0.1,1000,"bu","13:26:17",7470600
4.26,-0.1,100,"bu","13:26:06",7469600
4.26,-0.1,1000,"bu","13:26:05",7469500
4.26,-0.1,12000,"bu","13:25:47",7468500
4.26,-0.1,300,"bu","13:25:38",7456500
4.25,-0.11,46100,"sd","13:25:33",7456200
4.26,-0.1,400,"bu","13:25:31",7410100
4.25,-0.11,3800,"bu","13:25:27",7409700
4.25,-0.11,16200,"sd","13:25:26",7405900
4.26,-0.1,5000,"bu","13:25:24",7389700
4.26,-0.1,4600,"bu","13:25:19",7384700
4.26,-0.1,1000,"bu","13:25:02",7380100
4.25,-0.11,100,"bu","13:24:44",7379100
4.25,-0.11,1400,"sd","13:24:37",7379000
4.26,-0.1,500,"bu","13:24:27",7377600
4.26,-0.1,500,"bu","13:24:12",7377100
4.24,-0.12,46000,"sd","13:24:12",7376600
4.25,-0.11,39600,"sd","13:24:12",7330600
4.26,-0.1,2000,"bu","13:24:08",7291000
4.26,-0.1,100,"bu","13:24:05",7289000
4.26,-0.1,1000,"bu","13:24:04",7288900
4.25,-0.11,1400,"sd","13:24:00",7287900
4.26,-0.1,2000,"bu","13:24:00",7286500
4.25,-0.11,4100,"sd","13:23:59",7284500
4.26,-0.1,10000,"bu","13:23:57",7280400
4.26,-0.1,6300,"bu","13:23:52",7270400
4.26,-0.1,100,"bu","13:23:51",7264100
4.25,-0.11,56600,"sd","13:23:51",7264000
4.25,-0.11,1000,"sd","13:23:37",7207400
4.26,-0.1,1000,"bu","13:23:27",7206400
4.26,-0.1,36000,"sd","13:23:13",7205400
4.26,-0.1,1000,"sd","13:22:48",7169400
4.26,-0.1,1000,"sd","13:22:25",7168400
4.26,-0.1,11900,"bu","13:22:20",7167400
4.26,-0.1,100,"bu","13:22:19",7155500
4.26,-0.1,400,"bu","13:22:16",7155400
4.26,-0.1,2200,"bu","13:22:10",7155000
4.26,-0.1,100,"bu","13:22:07",7152800
4.26,-0.1,200,"bu","13:21:36",7152700
4.25,-0.11,400,"sd","13:21:34",7152500
4.26,-0.1,500,"bu","13:21:32",7152100
4.26,-0.1,100,"bu","13:21:30",7151600
4.26,-0.1,1500,"bu","13:21:21",7151500
4.26,-0.1,200,"bu","13:21:19",7150000
4.26,-0.1,1000,"bu","13:21:17",7149800
4.26,-0.1,100,"bu","13:21:10",7148800
4.26,-0.1,200,"bu","13:20:54",7148700
4.26,-0.1,300,"sd","13:20:47",7148500
4.26,-0.1,200,"sd","13:20:45",7148200
4.26,-0.1,14200,"bu","13:20:40",7148000
4.25,-0.11,5300,"bu","13:20:40",7133800
4.25,-0.11,1000,"bu","13:20:39",7128500
4.25,-0.11,10000,"bu","13:20:35",7127500
4.25,-0.11,100,"bu","13:20:33",7117500
4.25,-0.11,600,"bu","13:20:24",7117400
4.25,-0.11,1000,"bu","13:20:21",7116800
4.25,-0.11,7200,"sd","13:20:11",7115800
4.25,-0.11,3500,"bu","13:20:06",7108600
4.25,-0.11,100,"bu","13:19:44",7105100
4.25,-0.11,16200,"sd","13:19:43",7105000
4.25,-0.11,1200,"sd","13:19:43",7088800
4.26,-0.1,2000,"bu","13:19:38",7087600
4.25,-0.11,400,"sd","13:19:33",7085600
4.25,-0.11,300,"sd","13:19:31",7085200
4.25,-0.11,200,"sd","13:19:23",7084900
4.25,-0.11,6500,"sd","13:19:17",7084700
4.25,-0.11,5000,"sd","13:19:09",7078200
4.25,-0.11,1000,"sd","13:19:07",7073200
4.26,-0.1,10000,"bu","13:19:05",7072200
4.26,-0.1,20000,"bu","13:19:03",7062200
4.25,-0.11,500,"sd","13:19:02",7042200
4.26,-0.1,200,"bu","13:19:02",7041700
4.25,-0.11,10000,"sd","13:19:01",7041500
4.25,-0.11,5000,"sd","13:18:54",7031500
4.26,-0.1,1200,"bu","13:18:53",7026500
4.26,-0.1,700,"bu","13:18:49",7025300
4.26,-0.1,100,"bu","13:18:43",7024600
4.26,-0.1,2000,"bu","13:18:20",7024500
4.26,-0.1,5000,"bu","13:18:18",7022500
4.25,-0.11,5600,"sd","13:18:12",7017500
4.26,-0.1,1100,"bu","13:17:55",7011900
4.25,-0.11,200,"sd","13:17:55",7010800
4.25,-0.11,500,"sd","13:17:37",7010600
4.25,-0.11,1500,"bu","13:17:33",7010100
4.25,-0.11,500,"bu","13:17:31",7008600
4.25,-0.11,500,"bu","13:17:23",7008100
4.25,-0.11,1000,"bu","13:17:22",7007600
4.25,-0.11,200,"bu","13:17:19",7006600
4.25,-0.11,2900,"bu","13:17:16",7006400
4.25,-0.11,8600,"bu","13:17:03",7003500
4.24,-0.12,11400,"bu","13:17:03",6994900
4.23,-0.13,900,"bu","13:16:58",6983500
4.23,-0.13,5000,"bu","13:16:53",6982600
4.23,-0.13,10000,"bu","13:16:45",6977600
4.21,-0.15,1900,"sd","13:16:42",6967600
4.22,-0.14,100,"sd","13:16:42",6965700
4.21,-0.15,9900,"sd","13:16:36",6965600
4.22,-0.14,100,"sd","13:16:36",6955700
4.22,-0.14,900,"bu","13:16:33",6955600
4.22,-0.14,3000,"bu","13:16:28",6954700
4.21,-0.15,5000,"sd","13:16:24",6951700
4.22,-0.14,200,"bu","13:16:23",6946700
4.21,-0.15,10000,"sd","13:16:23",6946500
4.21,-0.15,5000,"sd","13:16:11",6936500
4.21,-0.15,71100,"bu","13:16:08",6931500
4.21,-0.15,200,"bu","13:16:06",6860400
4.21,-0.15,100,"bu","13:16:06",6860200
4.21,-0.15,1000,"bu","13:16:05",6860100
4.21,-0.15,10000,"bu","13:16:04",6859100
4.21,-0.15,1000,"bu","13:16:03",6849100
4.21,-0.15,200,"bu","13:16:02",6848100
4.2,-0.16,10000,"sd","13:16:02",6847900
4.21,-0.15,200,"bu","13:16:01",6837900
4.21,-0.15,15700,"bu","13:16:00",6837700
4.21,-0.15,10000,"bu","13:15:59",6822000
4.21,-0.15,300,"bu","13:15:58",6812000
4.2,-0.16,1800,"sd","13:15:57",6811700
4.21,-0.15,200,"bu","13:15:55",6809900
4.2,-0.16,10000,"sd","13:15:55",6809700
4.2,-0.16,5000,"sd","13:15:54",6799700
4.21,-0.15,5000,"bu","13:15:54",6794700
4.2,-0.16,700,"sd","13:15:54",6789700
4.21,-0.15,1200,"bu","13:15:52",6789000
4.21,-0.15,5000,"bu","13:15:52",6787800
4.2,-0.16,1000,"sd","13:15:51",6782800
4.2,-0.16,5600,"sd","13:15:50",6781800
4.21,-0.15,10200,"bu","13:15:49",6776200
4.21,-0.15,100,"bu","13:15:49",6766000
4.2,-0.16,25000,"sd","13:15:49",6765900
4.21,-0.15,10000,"bu","13:15:47",6735900
4.2,-0.16,50000,"sd","13:15:47",6725900
4.2,-0.16,128100,"sd","13:15:44",6675900
4.21,-0.15,100,"bu","13:15:42",6547800
4.21,-0.15,10000,"bu","13:15:40",6547700
4.2,-0.16,500,"sd","13:15:39",6537700
4.21,-0.15,300,"bu","13:15:37",6537200
4.2,-0.16,100,"sd","13:15:37",6536900
4.21,-0.15,10000,"bu","13:15:36",6536800
4.2,-0.16,50000,"sd","13:15:30",6526800
4.21,-0.15,200,"bu","13:15:29",6476800
4.21,-0.15,3900,"bu","13:15:26",6476600
4.21,-0.15,2000,"bu","13:15:26",6472700
4.21,-0.15,2000,"bu","13:15:24",6470700
4.21,-0.15,300,"bu","13:15:23",6468700
4.21,-0.15,100,"bu","13:15:23",6468400
4.2,-0.16,20000,"sd","13:15:21",6468300
4.21,-0.15,400,"bu","13:15:18",6448300
4.21,-0.15,5000,"bu","13:15:15",6447900
4.21,-0.15,10000,"bu","13:15:14",6442900
4.21,-0.15,500,"bu","13:15:11",6432900
4.21,-0.15,800,"bu","13:15:08",6432400
4.21,-0.15,2000,"bu","13:15:08",6431600
4.21,-0.15,5000,"bu","13:15:05",6429600
4.21,-0.15,5400,"bu","13:15:04",6424600
4.2,-0.16,13800,"sd","13:14:54",6419200
4.21,-0.15,225400,"sd","13:14:53",6405400
4.22,-0.14,50000,"sd","13:14:51",6157900
4.22,-0.14,7000,"sd","13:14:46",6107900
4.22,-0.14,2000,"sd","13:14:42",6100900
4.23,-0.13,8000,"bu","13:14:32",6098900
4.22,-0.14,143800,"sd","13:14:21",6090900
4.23,-0.13,6200,"sd","13:14:21",5947100
4.23,-0.13,500,"sd","13:14:19",5940900
4.23,-0.13,2300,"sd","13:13:53",5940400
4.23,-0.13,47700,"sd","13:13:52",5938100
4.24,-0.12,1300,"bu","13:13:49",5890400
4.24,-0.12,100,"bu","13:13:43",5889100
4.24,-0.12,1000,"bu","13:13:42",5889000
4.24,-0.12,2000,"bu","13:13:34",5888000
4.24,-0.12,1000,"bu","13:13:31",5886000
4.23,-0.13,100,"sd","13:13:16",5885000
4.23,-0.13,200,"sd","13:13:03",5884900
4.24,-0.12,100,"bu","13:13:03",5884700
4.23,-0.13,2800,"sd","13:12:50",5884600
4.23,-0.13,800,"bu","13:12:36",5881800
4.23,-0.13,1600,"bu","13:12:35",5881000
4.23,-0.13,10000,"bu","13:12:34",5879400
4.23,-0.13,4400,"bu","13:12:31",5869400
4.23,-0.13,4500,"bu","13:12:29",5865000
4.23,-0.13,400,"bu","13:12:27",5860500
4.23,-0.13,5000,"bu","13:12:26",5860100
4.23,-0.13,100,"bu","13:12:20",5855100
4.23,-0.13,14300,"sd","13:12:14",5855000
4.24,-0.12,900,"sd","13:12:12",5840700
4.24,-0.12,4100,"bu","13:12:12",5839800
4.23,-0.13,2900,"sd","13:12:12",5835700
4.24,-0.12,10000,"bu","13:12:11",5832800
4.23,-0.13,1300,"sd","13:12:06",5822800
4.23,-0.13,300,"bu","13:12:04",5821500
4.23,-0.13,1100,"bu","13:12:03",5821200
4.23,-0.13,1000,"bu","13:12:01",5820100
4.23,-0.13,5600,"bu","13:12:00",5819100
4.23,-0.13,3000,"bu","13:11:58",5813500
4.23,-0.13,2100,"bu","13:11:57",5808100
4.23,-0.13,2000,"bu","13:11:51",5806000
4.23,-0.13,5000,"bu","13:11:42",5804000
4.23,-0.13,100,"bu","13:11:36",5799000
4.22,-0.14,10000,"sd","13:11:35",5798900
4.22,-0.14,37900,"sd","13:11:33",5788900
4.23,-0.13,5800,"sd","13:11:29",5751000
4.24,-0.12,400,"bu","13:11:29",5745200
4.23,-0.13,1000,"sd","13:11:26",5744800
4.23,-0.13,100,"sd","13:11:03",5743800
4.23,-0.13,8900,"sd","13:11:02",5743700
4.24,-0.12,1100,"sd","13:11:02",5734800
4.24,-0.12,500,"sd","13:10:56",5733700
4.24,-0.12,2000,"bu","13:10:54",5733200
4.23,-0.13,1400,"bu","13:10:54",5731200
4.23,-0.13,600,"bu","13:10:53",5729800
4.23,-0.13,3000,"sd","13:10:52",5729200
4.24,-0.12,200,"bu","13:10:50",5726200
4.24,-0.12,100,"bu","13:10:49",5726000
4.24,-0.12,45700,"bu","13:10:48",5725900
4.23,-0.13,1300,"bu","13:10:48",5680200
4.23,-0.13,700,"sd","13:10:46",5678900
4.24,-0.12,1000,"bu","13:10:37",5678200
4.23,-0.13,2000,"sd","13:10:37",5677200
4.23,-0.13,500,"sd","13:10:28",5675200
4.22,-0.14,48400,"sd","13:10:20",5674700
4.23,-0.13,2000,"bu","13:10:20",5626300
4.23,-0.13,100,"bu","13:10:17",5624300
4.23,-0.13,1400,"bu","13:10:15",5624200
4.23,-0.13,100,"bu","13:10:12",5622800
4.22,-0.14,100,"bu","13:10:01",5622700
4.22,-0.14,500,"bu","13:10:00",5622600
4.22,-0.14,200,"bu","13:09:59",5622100
4.22,-0.14,1800,"bu","13:09:58",5621900
4.22,-0.14,1200,"bu","13:09:57",5620100
4.22,-0.14,5100,"bu","13:09:56",5618900
4.22,-0.14,3300,"bu","13:09:53",5613800
4.21,-0.15,200,"sd","13:09:53",5610500
4.22,-0.14,5000,"bu","13:09:52",5610300
4.22,-0.14,2000,"bu","13:09:51",5605300
4.22,-0.14,500,"bu","13:09:50",5603300
4.22,-0.14,400,"bu","13:09:48",5602800
4.22,-0.14,20000,"bu","13:09:43",5602400
4.22,-0.14,2000,"bu","13:09:41",5582400
4.22,-0.14,100,"bu","13:09:40",5580400
4.21,-0.15,100,"sd","13:09:38",5580300
4.22,-0.14,5000,"bu","13:09:34",5580200
4.21,-0.15,81400,"sd","13:09:33",5575200
4.22,-0.14,8700,"bu","13:09:33",5493800
4.21,-0.15,400,"sd","13:09:32",5485100
4.21,-0.15,23300,"bu","13:09:22",5484700
4.21,-0.15,1100,"bu","13:09:19",5461400
4.2,-0.16,1000,"sd","13:09:18",5460300
4.21,-0.15,1000,"bu","13:09:17",5459300
4.21,-0.15,3200,"bu","13:09:16",5458300
4.21,-0.15,100,"bu","13:09:15",5455100
4.21,-0.15,1500,"bu","13:09:13",5455000
4.21,-0.15,300,"bu","13:09:12",5453500
4.2,-0.16,200000,"sd","13:09:10",5453200
4.21,-0.15,400,"bu","13:09:10",5253200
4.21,-0.15,6000,"bu","13:09:09",5252800
4.21,-0.15,100,"bu","13:09:08",5246800
4.21,-0.15,100,"bu","13:09:07",5246700
4.2,-0.16,500,"sd","13:09:06",5246600
4.21,-0.15,500,"bu","13:09:05",5246100
4.21,-0.15,5000,"bu","13:09:03",5245600
4.21,-0.15,92200,"sd","13:09:01",5240600
4.22,-0.14,200,"sd","13:09:01",5148400
4.22,-0.14,2000,"bu","13:09:00",5148200
4.22,-0.14,1200,"bu","13:08:57",5146200
4.21,-0.15,100,"sd","13:08:53",5145000
4.22,-0.14,4900,"sd","13:08:53",5144900
4.23,-0.13,600,"bu","13:08:52",5140000
4.22,-0.14,200,"sd","13:08:49",5139400
4.23,-0.13,27000,"sd","13:08:43",5139200
4.24,-0.12,200,"sd","13:08:43",5112200
4.24,-0.12,2000,"sd","13:08:42",5112000
4.25,-0.11,200,"bu","13:08:41",5110000
4.24,-0.12,12500,"sd","13:08:40",5109800
4.25,-0.11,100,"bu","13:08:36",5097300
4.25,-0.11,66100,"sd","13:08:34",5097200
4.25,-0.11,10000,"sd","13:08:33",5031100
4.25,-0.11,23700,"sd","13:08:31",5021100
4.25,-0.11,201500,"sd","13:08:27",4997400
4.26,-0.1,300,"bu","13:08:24",4795900
4.26,-0.1,4500,"bu","13:08:23",4795600
4.26,-0.1,300,"bu","13:08:22",4791100
4.25,-0.11,50000,"sd","13:08:22",4790800
4.26,-0.1,13500,"sd","13:08:17",4740800
4.26,-0.1,1100,"sd","13:08:13",4727300
4.26,-0.1,900,"sd","13:08:13",4726200
4.26,-0.1,1000,"bu","13:07:52",4725300
4.26,-0.1,300,"bu","13:07:50",4724300
4.26,-0.1,100,"bu","13:07:46",4724000
4.25,-0.11,1000,"sd","13:07:41",4723900
4.26,-0.1,2300,"sd","13:07:41",4722900
4.26,-0.1,200,"sd","13:07:35",4720600
4.26,-0.1,300,"sd","13:07:30",4720400
4.27,-0.09,6300,"bu","13:07:24",4720100
4.25,-0.11,6500,"sd","13:07:22",4713800
4.26,-0.1,1500,"sd","13:07:22",4707300
4.25,-0.11,500,"sd","13:06:57",4705800
4.27,-0.09,100,"bu","13:06:57",4705300
4.27,-0.09,300,"bu","13:06:52",4705200
4.25,-0.11,39800,"sd","13:06:52",4704900
4.25,-0.11,66600,"sd","13:06:51",4665100
4.26,-0.1,174600,"sd","13:06:51",4598500
4.27,-0.09,1700,"sd","13:06:45",4423900
4.27,-0.09,3300,"bu","13:06:43",4422200
4.27,-0.09,100,"bu","13:06:43",4418900
4.27,-0.09,2000,"bu","13:06:42",4418800
4.27,-0.09,100,"bu","13:06:40",4416800
4.27,-0.09,1000,"bu","13:06:34",4416700
4.27,-0.09,1000,"bu","13:06:33",4415700
4.27,-0.09,2100,"bu","13:06:29",4414700
4.27,-0.09,9200,"bu","13:06:28",4412600
4.27,-0.09,300,"bu","13:06:22",4403400
4.27,-0.09,3400,"sd","13:06:19",4403100
4.27,-0.09,7000,"sd","13:06:17",4399700
4.27,-0.09,100,"sd","13:06:14",4392700
4.27,-0.09,1200,"sd","13:05:57",4392600
4.27,-0.09,1000,"sd","13:05:55",4391400
4.27,-0.09,20000,"sd","13:05:54",4390400
4.27,-0.09,200,"sd","13:05:47",4370400
4.27,-0.09,400,"sd","13:05:25",4370200
4.27,-0.09,500,"sd","13:05:24",4369800
4.27,-0.09,200,"bu","13:05:03",4369300
4.27,-0.09,200,"bu","13:05:02",4369100
4.26,-0.1,500,"sd","13:05:01",4368900
4.27,-0.09,1000,"bu","13:05:00",4368400
4.27,-0.09,10000,"bu","13:04:59",4367400
4.27,-0.09,200,"bu","13:04:55",4357400
4.27,-0.09,200,"bu","13:04:52",4357200
4.27,-0.09,10000,"bu","13:04:49",4357000
4.27,-0.09,200,"bu","13:04:44",4347000
4.27,-0.09,1000,"bu","13:04:41",4346800
4.27,-0.09,100,"bu","13:04:39",4345800
4.27,-0.09,200,"bu","13:04:34",4345700
4.26,-0.1,300,"sd","13:04:32",4345500
4.27,-0.09,6000,"sd","13:04:27",4345200
4.26,-0.1,52600,"sd","13:04:20",4339200
4.27,-0.09,88600,"sd","13:04:20",4286600
4.28,-0.08,200,"bu","13:04:20",4198000
4.28,-0.08,3000,"bu","13:04:19",4197800
4.27,-0.09,500,"sd","13:04:16",4194800
4.28,-0.08,500,"bu","13:04:15",4194300
4.27,-0.09,500,"sd","13:04:06",4193800
4.28,-0.08,100,"bu","13:04:05",4193300
4.28,-0.08,10000,"bu","13:04:03",4193200
4.28,-0.08,1000,"bu","13:03:58",4183200
4.28,-0.08,1500,"bu","13:03:58",4182200
4.27,-0.09,1500,"sd","13:03:56",4180700
4.28,-0.08,10000,"bu","13:03:50",4179200
4.27,-0.09,2000,"sd","13:03:46",4169200
4.27,-0.09,5000,"sd","13:03:44",4167200
4.28,-0.08,200,"bu","13:03:27",4162200
4.27,-0.09,300,"sd","13:03:03",4162000
4.27,-0.09,1800,"sd","13:02:57",4161700
4.27,-0.09,2000,"sd","13:02:56",4159900
4.27,-0.09,5000,"sd","13:02:44",4157900
4.27,-0.09,500,"sd","13:02:39",4152900
4.28,-0.08,400,"bu","13:02:27",4152400
4.27,-0.09,100,"sd","13:02:24",4152000
4.28,-0.08,2000,"bu","13:02:19",4151900
4.27,-0.09,500,"sd","13:02:19",4149900
4.28,-0.08,2000,"bu","13:02:13",4149400
4.27,-0.09,2000,"sd","13:02:09",4147400
4.27,-0.09,600,"sd","13:02:08",4145400
4.28,-0.08,500,"bu","13:02:01",4144800
4.28,-0.08,1100,"bu","13:01:57",4144300
4.28,-0.08,100,"bu","13:01:49",4143200
4.28,-0.08,4500,"sd","13:01:45",4143100
4.28,-0.08,200,"sd","13:01:40",4138600
4.28,-0.08,1000,"sd","13:01:36",4138400
4.28,-0.08,400,"sd","13:01:28",4137400
4.28,-0.08,10000,"bu","13:01:21",4137000
4.27,-0.09,2000,"sd","13:01:16",4127000
4.27,-0.09,2000,"sd","13:01:07",4125000
4.28,-0.08,1000,"bu","13:01:02",4123000
4.28,-0.08,2800,"sd","13:00:56",4122000
4.28,-0.08,2300,"sd","13:00:54",4119200
4.28,-0.08,12000,"sd","13:00:52",4116900
4.28,-0.08,13100,"bu","13:00:38",4104900
4.28,-0.08,2000,"bu","13:00:26",4091800
4.28,-0.08,800,"bu","13:00:21",4089800
4.27,-0.09,20800,"sd","13:00:20",4089000
4.28,-0.08,400,"bu","13:00:16",4068200
4.29,-0.07,5000,"bu","13:00:15",4067800
4.29,-0.07,200,"bu","13:00:13",4062800
4.28,-0.08,500,"bu","13:00:13",4062600
4.28,-0.08,1000,"bu","13:00:12",4062100
4.27,-0.09,22400,"sd","13:00:07",4061100
4.28,-0.08,117600,"sd","13:00:07",4038700
4.29,-0.07,2100,"sd","13:00:07",3921100
4.3,-0.06,46400,"bu","13:00:05",3919000
4.29,-0.07,16200,"sd","13:00:04",3872600
4.29,-0.07,1800,"sd","13:00:03",3856400
4.29,-0.07,600,"sd","13:00:03",3854600
4.29,-0.07,13300,"sd","13:00:02",3854000
4.29,-0.07,500,"sd","13:00:02",3840700
4.29,-0.07,7000,"sd","13:00:01",3840200
4.29,-0.07,13300,"sd","13:00:01",3833200
4.3,-0.06,2000,"bu","13:00:01",3819900
4.29,-0.07,24000,"sd","13:00:01",3817900
4.29,-0.07,200,"sd","11:29:32",3793900
4.3,-0.06,1000,"bu","11:29:26",3793700
4.3,-0.06,9600,"bu","11:29:24",3792700
4.29,-0.07,500,"sd","11:29:22",3783100
4.29,-0.07,30000,"sd","11:28:49",3782600
4.3,-0.06,200,"bu","11:28:21",3752600
4.3,-0.06,300,"bu","11:28:08",3752400
4.3,-0.06,100,"bu","11:27:54",3752100
4.3,-0.06,5900,"sd","11:27:34",3752000
4.3,-0.06,400,"sd","11:27:19",3746100
4.3,-0.06,2000,"sd","11:27:07",3745700
4.3,-0.06,3000,"sd","11:25:50",3743700
4.31,-0.05,5000,"bu","11:25:16",3740700
4.3,-0.06,1000,"sd","11:24:02",3735700
4.3,-0.06,500,"sd","11:23:35",3734700
4.3,-0.06,500,"sd","11:22:48",3734200
4.3,-0.06,65100,"bu","11:22:46",3733700
4.29,-0.07,4000,"sd","11:22:44",3668600
4.3,-0.06,100,"bu","11:22:42",3664600
4.29,-0.07,2800,"sd","11:22:35",3664500
4.29,-0.07,7000,"sd","11:21:51",3661700
4.29,-0.07,3000,"sd","11:21:43",3654700
4.29,-0.07,48300,"bu","11:21:22",3651700
4.29,-0.07,300,"bu","11:21:19",3603400
4.29,-0.07,100,"bu","11:21:10",3603100
4.29,-0.07,2000,"bu","11:21:01",3603000
4.29,-0.07,100,"bu","11:21:01",3601000
4.29,-0.07,100,"bu","11:20:54",3600900
4.29,-0.07,1000,"bu","11:20:41",3600800
4.29,-0.07,100,"bu","11:20:09",3599800
4.29,-0.07,200,"bu","11:19:50",3599700
4.28,-0.08,7200,"sd","11:19:40",3599500
4.29,-0.07,100,"bu","11:19:38",3592300
4.29,-0.07,200,"bu","11:19:32",3592200
4.29,-0.07,1000,"bu","11:19:07",3592000
4.28,-0.08,25000,"sd","11:18:57",3591000
4.29,-0.07,500,"bu","11:18:54",3566000
4.29,-0.07,3000,"bu","11:18:48",3565500
4.29,-0.07,100,"sd","11:18:42",3562500
4.29,-0.07,100,"sd","11:18:41",3562400
4.29,-0.07,100,"sd","11:18:32",3562300
4.29,-0.07,200,"bu","11:18:16",3562200
4.29,-0.07,200,"bu","11:18:02",3562000
4.28,-0.08,21500,"sd","11:17:53",3561800
4.29,-0.07,800,"sd","11:17:49",3540300
4.29,-0.07,19200,"bu","11:17:48",3539500
4.29,-0.07,100,"bu","11:17:46",3520300
4.28,-0.08,900,"sd","11:17:44",3520200
4.29,-0.07,1000,"bu","11:17:08",3519300
4.29,-0.07,2500,"bu","11:16:57",3518300
4.29,-0.07,13700,"sd","11:16:32",3515800
4.29,-0.07,2000,"sd","11:16:21",3502100
4.29,-0.07,25000,"sd","11:16:17",3500100
4.3,-0.06,10000,"bu","11:16:10",3475100
4.29,-0.07,600,"sd","11:16:02",3465100
4.29,-0.07,2000,"sd","11:15:52",3464500
4.3,-0.06,700,"bu","11:15:50",3462500
4.29,-0.07,2000,"sd","11:15:34",3461800
4.29,-0.07,41700,"sd","11:15:28",3459800
4.3,-0.06,100,"bu","11:14:52",3418100
4.29,-0.07,2000,"sd","11:14:44",3418000
4.29,-0.07,300,"sd","11:14:29",3416000
4.29,-0.07,100,"sd","11:14:02",3415700
4.3,-0.06,200,"bu","11:13:35",3415600
4.3,-0.06,100,"bu","11:13:31",3415400
4.29,-0.07,5000,"sd","11:12:35",3415300
4.3,-0.06,1000,"bu","11:12:25",3410300
4.3,-0.06,200,"bu","11:12:19",3409300
4.3,-0.06,300,"bu","11:12:02",3409100
4.3,-0.06,400,"bu","11:11:29",3408800
4.3,-0.06,300,"bu","11:11:26",3408400
4.3,-0.06,600,"bu","11:11:13",3408100
4.3,-0.06,5000,"bu","11:11:00",3407500
4.3,-0.06,100,"bu","11:10:32",3402500
4.3,-0.06,100,"bu","11:10:17",3402400
4.3,-0.06,500,"bu","11:09:35",3402300
4.3,-0.06,900,"bu","11:09:11",3401800
4.3,-0.06,10000,"bu","11:08:52",3400900
4.3,-0.06,500,"bu","11:08:45",3390900
4.29,-0.07,200,"sd","11:08:38",3390400
4.3,-0.06,400,"bu","11:07:38",3390200
4.3,-0.06,5000,"bu","11:07:28",3389800
4.3,-0.06,500,"bu","11:07:19",3384800
4.3,-0.06,1000,"bu","11:07:02",3384300
4.3,-0.06,100,"bu","11:06:34",3383300
4.3,-0.06,3000,"bu","11:05:07",3383200
4.29,-0.07,2000,"sd","11:04:46",3380200
4.29,-0.07,10000,"sd","11:04:42",3378200
4.3,-0.06,1000,"bu","11:03:28",3368200
4.29,-0.07,3000,"bu","11:03:09",3367200
4.29,-0.07,400,"bu","11:02:50",3364200
4.29,-0.07,5000,"bu","11:02:42",3363800
4.29,-0.07,24600,"sd","11:02:28",3358800
4.29,-0.07,1700,"sd","11:02:22",3334200
4.3,-0.06,2000,"bu","11:02:07",3332500
4.3,-0.06,10000,"bu","11:01:53",3330500
4.3,-0.06,300,"bu","11:01:18",3320500
4.3,-0.06,300,"bu","11:01:15",3320200
4.29,-0.07,500,"sd","11:01:15",3319900
4.29,-0.07,200,"sd","11:01:01",3319400
4.29,-0.07,1000,"sd","11:00:58",3319200
4.29,-0.07,1000,"sd","11:00:22",3318200
4.29,-0.07,500,"sd","10:59:46",3317200
4.29,-0.07,100,"sd","10:59:42",3316700
4.29,-0.07,300,"sd","10:58:30",3316600
4.29,-0.07,900,"sd","10:57:39",3316300
4.3,-0.06,300,"bu","10:57:39",3315400
4.3,-0.06,20000,"bu","10:57:24",3315100
4.29,-0.07,4600,"bu","10:57:22",3295100
4.29,-0.07,2000,"bu","10:57:18",3290500
4.29,-0.07,100,"bu","10:57:15",3288500
4.29,-0.07,10000,"bu","10:57:03",3288400
4.29,-0.07,10000,"bu","10:56:56",3278400
4.29,-0.07,2000,"bu","10:56:44",3268400
4.29,-0.07,200,"bu","10:56:34",3266400
4.29,-0.07,1000,"bu","10:56:18",3266200
4.29,-0.07,14400,"bu","10:56:13",3265200
4.28,-0.08,100,"sd","10:56:07",3250800
4.29,-0.07,2800,"bu","10:56:06",3250700
4.29,-0.07,1000,"bu","10:55:44",3247900
4.29,-0.07,5600,"bu","10:55:40",3246900
4.29,-0.07,4800,"bu","10:55:24",3241300
4.28,-0.08,4300,"sd","10:54:47",3236500
4.28,-0.08,4500,"bu","10:54:34",3232200
4.28,-0.08,2500,"bu","10:54:33",3227700
4.28,-0.08,2000,"bu","10:54:31",3225200
4.28,-0.08,400,"bu","10:54:29",3223200
4.28,-0.08,2000,"bu","10:54:28",3222800
4.28,-0.08,200,"bu","10:54:23",3220800
4.28,-0.08,500,"bu","10:54:18",3220600
4.28,-0.08,7000,"bu","10:54:05",3220100
4.28,-0.08,2000,"bu","10:53:42",3213100
4.28,-0.08,2000,"bu","10:53:38",3211100
4.27,-0.09,46000,"sd","10:53:30",3209100
4.28,-0.08,7000,"sd","10:53:30",3163100
4.28,-0.08,23500,"bu","10:53:24",3156100
4.27,-0.09,6500,"sd","10:53:19",3132600
4.27,-0.09,100,"sd","10:53:18",3126100
4.27,-0.09,10000,"sd","10:53:02",3126000
4.27,-0.09,500,"sd","10:53:00",3116000
4.28,-0.08,1000,"bu","10:52:54",3115500
4.27,-0.09,200,"sd","10:52:23",3114500
4.27,-0.09,5000,"sd","10:52:01",3114300
4.28,-0.08,300,"sd","10:52:01",3109300
4.28,-0.08,100,"bu","10:51:55",3109000
4.27,-0.09,4400,"sd","10:51:44",3108900
4.28,-0.08,600,"sd","10:51:44",3104500
4.28,-0.08,600,"sd","10:51:40",3103900
4.28,-0.08,500,"bu","10:51:39",3103300
4.29,-0.07,200,"bu","10:51:20",3102800
4.27,-0.09,47300,"sd","10:51:19",3102600
4.28,-0.08,123800,"sd","10:51:19",3055300
4.29,-0.07,1000,"bu","10:51:05",2931500
4.29,-0.07,400,"bu","10:51:04",2930500
4.29,-0.07,100,"bu","10:51:03",2930100
4.28,-0.08,10000,"sd","10:50:57",2930000
4.29,-0.07,5000,"bu","10:50:56",2920000
4.29,-0.07,600,"bu","10:50:34",2915000
4.28,-0.08,7000,"sd","10:50:33",2914400
4.28,-0.08,500,"sd","10:50:17",2907400
4.28,-0.08,100,"sd","10:50:16",2906900
4.28,-0.08,300,"sd","10:50:00",2906800
4.28,-0.08,1000,"sd","10:49:45",2906500
4.28,-0.08,700,"sd","10:49:28",2905500
4.29,-0.07,4300,"sd","10:49:28",2904800
4.29,-0.07,1400,"sd","10:49:20",2900500
4.29,-0.07,900,"sd","10:49:15",2899100
4.29,-0.07,100,"sd","10:49:14",2898200
4.29,-0.07,4600,"sd","10:49:13",2898100
4.29,-0.07,100,"sd","10:49:05",2893500
4.29,-0.07,4100,"bu","10:49:03",2893400
4.29,-0.07,5000,"bu","10:49:00",2889300
4.29,-0.07,3100,"bu","10:48:56",2884300
4.29,-0.07,1000,"bu","10:48:55",2881200
4.29,-0.07,50000,"bu","10:48:51",2880200
4.29,-0.07,100,"bu","10:48:47",2830200
4.29,-0.07,5000,"bu","10:48:43",2830100
4.28,-0.08,14000,"sd","10:48:40",2825100
4.29,-0.07,100,"bu","10:48:23",2811100
4.28,-0.08,200,"sd","10:48:13",2811000
4.28,-0.08,200,"sd","10:48:02",2810800
4.29,-0.07,100,"bu","10:47:58",2810600
4.28,-0.08,3500,"sd","10:47:52",2810500
4.28,-0.08,30000,"sd","10:47:04",2807000
4.28,-0.08,6000,"sd","10:46:58",2777000
4.29,-0.07,1000,"bu","10:46:43",2771000
4.28,-0.08,9900,"sd","10:46:40",2770000
4.28,-0.08,1500,"sd","10:46:20",2760100
4.28,-0.08,15000,"sd","10:46:07",2758600
4.28,-0.08,5600,"sd","10:45:34",2743600
4.29,-0.07,5000,"bu","10:45:13",2738000
4.28,-0.08,100,"sd","10:45:09",2733000
4.29,-0.07,100,"bu","10:44:52",2732900
4.29,-0.07,1000,"bu","10:44:35",2732800
4.29,-0.07,100,"bu","10:44:34",2731800
4.29,-0.07,500,"bu","10:44:21",2731700
4.29,-0.07,100,"bu","10:44:15",2731200
4.29,-0.07,3000,"bu","10:44:00",2731100
4.29,-0.07,1000,"bu","10:43:48",2728100
4.29,-0.07,100,"bu","10:43:44",2727100
4.29,-0.07,500,"bu","10:43:41",2727000
4.29,-0.07,6500,"sd","10:43:28",2726500
4.29,-0.07,8500,"bu","10:43:10",2720000
4.29,-0.07,6200,"sd","10:43:07",2711500
4.29,-0.07,21100,"bu","10:43:00",2705300
4.29,-0.07,5100,"bu","10:42:59",2684200
4.29,-0.07,10000,"bu","10:42:57",2679100
4.29,-0.07,1000,"bu","10:42:49",2669100
4.29,-0.07,1000,"bu","10:42:43",2668100
4.29,-0.07,10000,"bu","10:42:42",2667100
4.29,-0.07,100,"bu","10:42:34",2657100
4.28,-0.08,32200,"sd","10:42:29",2657000
4.29,-0.07,400,"bu","10:42:24",2624800
4.28,-0.08,3000,"sd","10:42:06",2624400
4.28,-0.08,2000,"sd","10:41:56",2621400
4.29,-0.07,800,"bu","10:41:56",2619400
4.29,-0.07,100,"bu","10:41:40",2618600
4.28,-0.08,300,"sd","10:41:39",2618500
4.29,-0.07,6100,"sd","10:41:33",2618200
4.29,-0.07,1000,"sd","10:41:29",2612100
4.29,-0.07,1000,"sd","10:41:28",2611100
4.29,-0.07,600,"sd","10:41:06",2610100
4.29,-0.07,8000,"bu","10:40:43",2609500
4.29,-0.07,100,"bu","10:40:42",2601500
4.28,-0.08,100,"sd","10:40:40",2601400
4.28,-0.08,68000,"sd","10:40:36",2601300
4.29,-0.07,100,"bu","10:40:30",2533300
4.29,-0.07,2000,"bu","10:40:24",2533200
4.28,-0.08,1000,"sd","10:40:14",2531200
4.29,-0.07,100,"bu","10:40:13",2530200
4.28,-0.08,300,"sd","10:40:10",2530100
4.29,-0.07,500,"bu","10:40:04",2529800
4.28,-0.08,5000,"sd","10:39:32",2529300
4.28,-0.08,10000,"sd","10:39:31",2524300
4.29,-0.07,1000,"bu","10:39:27",2514300
4.29,-0.07,100,"bu","10:39:26",2513300
4.29,-0.07,100,"bu","10:39:11",2513200
4.29,-0.07,1100,"bu","10:39:03",2513100
4.29,-0.07,100,"bu","10:39:03",2512000
4.29,-0.07,1000,"bu","10:39:00",2511900
4.29,-0.07,200,"bu","10:38:54",2510900
4.29,-0.07,2800,"sd","10:38:50",2510700
4.29,-0.07,100,"sd","10:38:49",2507900
4.29,-0.07,5000,"sd","10:38:48",2507800
4.29,-0.07,1000,"sd","10:38:32",2502800
4.3,-0.06,1000,"bu","10:38:17",2500800
4.29,-0.07,38000,"sd","10:38:12",2499800
4.3,-0.06,1000,"bu","10:37:57",2461800
4.3,-0.06,78500,"sd","10:37:28",2460800
4.3,-0.06,200000,"sd","10:37:25",2382300
4.31,-0.05,200,"bu","10:37:21",2182300
4.3,-0.06,100,"sd","10:37:16",2182100
4.31,-0.05,10000,"bu","10:37:15",2182000
4.3,-0.06,8300,"sd","10:37:08",2172000
4.3,-0.06,9000,"sd","10:36:38",2163700
4.3,-0.06,100,"sd","10:36:18",2154700
4.31,-0.05,200,"bu","10:36:17",2154600
4.31,-0.05,700,"bu","10:36:14",2154400
4.31,-0.05,500,"bu","10:36:02",2153700
4.3,-0.06,2000,"sd","10:35:52",2153200
4.31,-0.05,200,"bu","10:35:44",2151200
4.3,-0.06,200,"sd","10:35:43",2151000
4.3,-0.06,200,"sd","10:35:37",2150800
4.31,-0.05,100,"bu","10:35:12",2150600
4.31,-0.05,600,"bu","10:35:11",2150500
4.3,-0.06,3000,"sd","10:35:10",2149900
4.31,-0.05,200,"bu","10:35:04",2146900
4.31,-0.05,3600,"sd","10:34:55",2146700
4.31,-0.05,1400,"bu","10:34:49",2143100
4.31,-0.05,600,"sd","10:34:33",2141700
4.31,-0.05,1000,"sd","10:34:28",2141100
4.31,-0.05,4000,"sd","10:34:17",2140100
4.31,-0.05,9400,"bu","10:34:12",2136100
4.31,-0.05,100,"bu","10:34:11",2126700
4.31,-0.05,300,"bu","10:34:04",2126600
4.31,-0.05,1000,"bu","10:33:45",2126300
4.31,-0.05,15000,"bu","10:33:35",2125300
4.31,-0.05,100,"bu","10:33:30",2110300
4.31,-0.05,100,"bu","10:33:29",2110200
4.31,-0.05,100,"bu","10:33:27",2110100
4.31,-0.05,21200,"sd","10:33:15",2110000
4.31,-0.05,300,"sd","10:32:52",2088800
4.31,-0.05,5000,"sd","10:32:50",2088500
4.31,-0.05,3000,"sd","10:32:36",2083500
4.31,-0.05,500,"sd","10:32:17",2080500
4.31,-0.05,2000,"sd","10:32:08",2080000
4.31,-0.05,2000,"sd","10:32:02",2078000
4.31,-0.05,19800,"bu","10:31:36",2076000
4.31,-0.05,5000,"bu","10:31:34",2056200
4.31,-0.05,100,"bu","10:31:32",2051200
4.31,-0.05,12000,"bu","10:31:16",2051100
4.3,-0.06,2000,"sd","10:31:13",2039100
4.3,-0.06,2900,"sd","10:31:13",2037100
4.31,-0.05,800,"bu","10:30:49",2034200
4.31,-0.05,200,"bu","10:30:48",2033400
4.31,-0.05,300,"bu","10:30:31",2033200
4.31,-0.05,1000,"bu","10:30:22",2032900
4.31,-0.05,200,"bu","10:30:21",2031900
4.31,-0.05,5000,"bu","10:30:18",2031700
4.31,-0.05,100,"bu","10:30:16",2026700
4.31,-0.05,100,"bu","10:30:15",2026600
4.31,-0.05,11400,"sd","10:30:09",2026500
4.31,-0.05,30000,"sd","10:29:46",2015100
4.31,-0.05,3600,"bu","10:29:21",1985100
4.31,-0.05,100,"bu","10:29:21",1981500
4.31,-0.05,100,"bu","10:29:19",1981400
4.31,-0.05,46300,"sd","10:29:15",1981300
4.31,-0.05,1500,"sd","10:29:08",1935000
4.31,-0.05,10000,"sd","10:28:51",1933500
4.32,-0.04,500,"bu","10:28:22",1923500
4.32,-0.04,1000,"bu","10:28:16",1923000
4.32,-0.04,200,"bu","10:28:10",1922000
4.32,-0.04,3400,"bu","10:27:35",1921800
4.31,-0.05,100,"sd","10:27:08",1918400
4.31,-0.05,10000,"sd","10:26:30",1918300
4.31,-0.05,5700,"bu","10:26:06",1908300
4.31,-0.05,10000,"bu","10:26:02",1902600
4.31,-0.05,200,"bu","10:26:00",1892600
4.31,-0.05,2000,"bu","10:25:52",1892400
4.31,-0.05,3000,"bu","10:25:48",1890400
4.31,-0.05,900,"bu","10:25:46",1887400
4.31,-0.05,300,"bu","10:25:41",1886500
4.31,-0.05,500,"bu","10:25:25",1886200
4.31,-0.05,500,"bu","10:25:24",1885700
4.31,-0.05,100,"bu","10:25:23",1885200
4.31,-0.05,27000,"sd","10:25:13",1885100
4.32,-0.04,100,"bu","10:24:28",1858100
4.31,-0.05,82900,"sd","10:24:21",1858000
4.32,-0.04,34500,"sd","10:24:18",1775100
4.32,-0.04,5000,"sd","10:24:00",1740600
4.32,-0.04,70000,"sd","10:23:37",1735600
4.33,-0.03,500,"bu","10:22:58",1665600
4.33,-0.03,100,"bu","10:22:46",1665100
4.33,-0.03,1000,"bu","10:22:44",1665000
4.33,-0.03,4600,"bu","10:22:18",1664000
4.33,-0.03,1000,"bu","10:21:46",1659400
4.33,-0.03,1000,"bu","10:21:28",1658400
4.33,-0.03,300,"bu","10:21:23",1657400
4.33,-0.03,5000,"bu","10:21:20",1657100
4.33,-0.03,3100,"sd","10:21:08",1652100
4.33,-0.03,1000,"sd","10:21:06",1649000
4.33,-0.03,1000,"sd","10:21:01",1648000
4.33,-0.03,1500,"sd","10:20:58",1647000
4.33,-0.03,10000,"sd","10:20:51",1645500
4.33,-0.03,1900,"sd","10:20:28",1635500
4.33,-0.03,1700,"bu","10:20:09",1633600
4.33,-0.03,1000,"bu","10:19:54",1631900
4.33,-0.03,200,"bu","10:19:53",1630900
4.33,-0.03,7100,"sd","10:19:32",1630700
4.33,-0.03,20000,"sd","10:19:29",1623600
4.33,-0.03,10000,"sd","10:19:21",1603600
4.33,-0.03,1000,"sd","10:19:12",1593600
4.33,-0.03,200,"sd","10:18:52",1592600
4.33,-0.03,100,"sd","10:18:08",1592400
4.33,-0.03,500,"sd","10:17:41",1592300
4.33,-0.03,200,"bu","10:17:26",1591800
4.33,-0.03,1800,"bu","10:17:22",1591600
4.33,-0.03,1000,"bu","10:17:05",1589800
4.33,-0.03,100,"bu","10:17:03",1588800
4.33,-0.03,1000,"bu","10:16:34",1588700
4.33,-0.03,400,"bu","10:16:25",1587700
4.33,-0.03,100,"sd","10:16:06",1587300
4.33,-0.03,100,"sd","10:15:48",1587200
4.32,-0.04,800,"sd","10:14:23",1587100
4.33,-0.03,100,"sd","10:14:23",1586300
4.35,-0.01,15000,"bu","10:14:05",1586200
4.32,-0.04,100,"sd","10:13:34",1556200
4.33,-0.03,9900,"sd","10:13:33",1556100
4.34,-0.02,10000,"bu","10:13:19",1546200
4.33,-0.03,6200,"sd","10:13:07",1536200
4.33,-0.03,14100,"bu","10:12:57",1530000
4.32,-0.04,5000,"sd","10:12:12",1515900
4.32,-0.04,2100,"sd","10:12:00",1510900
4.33,-0.03,100,"bu","10:11:45",1508800
4.33,-0.03,100,"bu","10:11:37",1508700
4.33,-0.03,100,"bu","10:11:34",1508600
4.33,-0.03,2800,"bu","10:11:27",1508500
4.33,-0.03,9400,"bu","10:11:26",1505700
4.33,-0.03,200,"bu","10:11:18",1496300
4.33,-0.03,100,"bu","10:11:09",1496100
4.33,-0.03,300,"bu","10:11:06",1496000
4.33,-0.03,200,"bu","10:11:05",1495700
4.33,-0.03,100,"bu","10:11:03",1495500
4.33,-0.03,100,"bu","10:10:56",1495400
4.33,-0.03,200,"bu","10:10:54",1495300
4.33,-0.03,1800,"bu","10:10:47",1495100
4.33,-0.03,500,"bu","10:10:32",1493300
4.33,-0.03,300,"bu","10:10:21",1492800
4.33,-0.03,30900,"sd","10:10:13",1492500
4.34,-0.02,100,"bu","10:09:55",1461600
4.34,-0.02,1000,"bu","10:09:40",1461500
4.34,-0.02,1000,"bu","10:09:35",1460500
4.33,-0.03,2000,"sd","10:09:28",1459500
4.34,-0.02,200,"bu","10:08:56",1457500
4.34,-0.02,1000,"bu","10:08:55",1457300
4.34,-0.02,200,"bu","10:08:49",1456300
4.34,-0.02,2000,"bu","10:08:32",1456100
4.34,-0.02,100,"bu","10:08:27",1454100
4.34,-0.02,36500,"sd","10:08:23",1454000
4.34,-0.02,200,"sd","10:08:22",1417500
4.35,-0.01,1000,"bu","10:08:19",1417300
4.34,-0.02,200,"sd","10:08:12",1416300
4.34,-0.02,500,"sd","10:08:05",1416100
4.34,-0.02,200,"sd","10:08:03",1415600
4.34,-0.02,200,"sd","10:07:56",1415400
4.34,-0.02,200,"sd","10:07:45",1415200
4.35,-0.01,1000,"bu","10:07:44",1415000
4.35,-0.01,200,"bu","10:07:29",1414000
4.35,-0.01,200,"sd","10:07:19",1413800
4.35,-0.01,6300,"bu","10:07:08",1413600
4.35,-0.01,100,"bu","10:07:06",1407300
4.35,-0.01,1000,"bu","10:07:04",1407200
4.34,-0.02,22000,"bu","10:06:51",1406200
4.33,-0.03,10000,"sd","10:06:45",1384200
4.33,-0.03,10000,"sd","10:06:24",1374200
4.34,-0.02,100,"bu","10:06:22",1364200
4.34,-0.02,1000,"bu","10:06:18",1364100
4.34,-0.02,200,"bu","10:06:13",1363100
4.34,-0.02,17700,"sd","10:06:01",1362900
4.35,-0.01,4000,"bu","10:06:00",1345200
4.34,-0.02,200,"sd","10:05:36",1341200
4.34,-0.02,700,"sd","10:05:33",1341000
4.34,-0.02,9100,"bu","10:04:41",1340300
4.34,-0.02,34900,"bu","10:04:36",1331200
4.33,-0.03,5000,"sd","10:04:24",1296300
4.33,-0.03,1300,"sd","10:04:18",1291300
4.33,-0.03,400,"sd","10:03:33",1290000
4.33,-0.03,500,"sd","10:03:28",1289600
4.33,-0.03,7200,"bu","10:02:57",1289100
4.33,-0.03,2000,"bu","10:02:41",1281900
4.33,-0.03,600,"bu","10:02:40",1279900
4.33,-0.03,1500,"bu","10:02:24",1279300
4.32,-0.04,200,"sd","10:02:20",1277800
4.33,-0.03,5000,"bu","10:02:18",1277600
4.32,-0.04,5000,"sd","10:02:09",1272600
4.33,-0.03,19900,"sd","10:01:34",1267600
4.34,-0.02,100,"bu","10:00:54",1247700
4.33,-0.03,3000,"sd","10:00:47",1247600
4.34,-0.02,200,"bu","10:00:29",1244600
4.33,-0.03,1000,"sd","10:00:13",1244400
4.33,-0.03,7900,"bu","09:59:57",1243400
4.33,-0.03,1000,"bu","09:59:35",1235500
4.33,-0.03,16600,"sd","09:59:34",1234500
4.33,-0.03,4400,"bu","09:59:01",1217900
4.33,-0.03,2600,"sd","09:58:51",1213500
4.34,-0.02,100,"bu","09:58:40",1210900
4.33,-0.03,5000,"sd","09:58:37",1210800
4.33,-0.03,200,"sd","09:57:55",1205800
4.33,-0.03,100,"sd","09:57:29",1205600
4.34,-0.02,600,"bu","09:57:13",1205500
4.34,-0.02,5000,"bu","09:57:09",1204900
4.34,-0.02,1000,"bu","09:56:51",1199900
4.33,-0.03,3400,"bu","09:56:39",1198900
4.33,-0.03,800,"bu","09:56:29",1195500
4.33,-0.03,2600,"sd","09:56:18",1194700
4.33,-0.03,3000,"sd","09:56:16",1192100
4.33,-0.03,1000,"sd","09:55:48",1189100
4.33,-0.03,5500,"bu","09:55:26",1188100
4.33,-0.03,10000,"bu","09:55:25",1182600
4.33,-0.03,100,"bu","09:55:11",1172600
4.33,-0.03,50000,"bu","09:55:05",1172500
4.32,-0.04,5000,"sd","09:55:01",1122500
4.33,-0.03,1000,"bu","09:54:50",1117500
4.33,-0.03,500,"bu","09:54:24",1116500
4.32,-0.04,1300,"bu","09:54:24",1116000
4.32,-0.04,100,"bu","09:54:21",1114700
4.32,-0.04,500,"bu","09:54:20",1114600
4.32,-0.04,1100,"bu","09:54:17",1114100
4.32,-0.04,10000,"bu","09:54:16",1113000
4.32,-0.04,1000,"bu","09:54:16",1103000
4.32,-0.04,1000,"bu","09:54:15",1102000
4.32,-0.04,200,"bu","09:54:13",1101000
4.32,-0.04,5000,"bu","09:54:13",1100800
4.32,-0.04,5000,"bu","09:54:12",1095800
4.32,-0.04,5000,"bu","09:54:10",1090800
4.32,-0.04,500,"bu","09:53:58",1085800
4.32,-0.04,800,"bu","09:53:56",1085300
4.32,-0.04,300,"bu","09:53:42",1084500
4.32,-0.04,6400,"bu","09:53:41",1084200
4.32,-0.04,1000,"bu","09:53:39",1077800
4.32,-0.04,100,"bu","09:53:38",1076800
4.32,-0.04,2000,"bu","09:53:31",1076700
4.32,-0.04,200,"bu","09:53:28",1074700
4.32,-0.04,100,"bu","09:53:21",1074500
4.31,-0.05,19600,"bu","09:53:11",1074400
4.31,-0.05,18600,"bu","09:53:11",1054800
4.31,-0.05,1000,"bu","09:53:08",1036200
4.31,-0.05,10000,"bu","09:53:05",1035200
4.31,-0.05,1000,"bu","09:53:03",1025200
4.31,-0.05,200,"bu","09:53:02",1024200
4.31,-0.05,1400,"bu","09:53:00",1024000
4.31,-0.05,200,"bu","09:52:59",1022600
4.31,-0.05,2000,"bu","09:52:57",1022400
4.31,-0.05,24500,"bu","09:52:55",1020400
4.31,-0.05,10000,"bu","09:52:53",995900
4.31,-0.05,1000,"bu","09:52:50",985900
4.31,-0.05,1000,"bu","09:52:46",984900
4.31,-0.05,5000,"bu","09:52:45",983900
4.31,-0.05,10000,"bu","09:52:43",978900
4.31,-0.05,500,"bu","09:52:38",968900
4.31,-0.05,400,"bu","09:52:33",968400
4.31,-0.05,5000,"bu","09:52:30",968000
4.31,-0.05,500,"bu","09:52:30",963000
4.31,-0.05,200,"bu","09:52:28",961500
4.31,-0.05,2000,"bu","09:52:25",961300
4.31,-0.05,4000,"bu","09:52:24",959300
4.31,-0.05,1200,"bu","09:52:20",955300
4.31,-0.05,100,"bu","09:52:15",954100
4.31,-0.05,100,"bu","09:52:12",954000
4.31,-0.05,500,"bu","09:52:09",953900
4.31,-0.05,2000,"bu","09:52:06",953400
4.31,-0.05,3700,"bu","09:52:02",951400
4.31,-0.05,2000,"bu","09:52:02",947700
4.31,-0.05,1000,"bu","09:51:56",945700
4.31,-0.05,1000,"bu","09:51:55",944700
4.31,-0.05,3000,"bu","09:51:51",943700
4.31,-0.05,100,"bu","09:51:50",940700
4.31,-0.05,5000,"bu","09:51:50",940600
4.31,-0.05,1200,"bu","09:51:49",935600
4.31,-0.05,100,"bu","09:51:44",934400
4.31,-0.05,2000,"bu","09:51:40",934300
4.31,-0.05,500,"bu","09:51:39",932300
4.31,-0.05,2100,"bu","09:51:37",931800
4.31,-0.05,100,"bu","09:51:29",929700
4.31,-0.05,100,"bu","09:51:27",929600
4.31,-0.05,300,"bu","09:51:24",929500
4.31,-0.05,20000,"bu","09:51:23",929200
4.31,-0.05,100,"bu","09:51:16",909200
4.31,-0.05,1000,"bu","09:51:15",909100
4.31,-0.05,1000,"bu","09:51:11",908100
4.31,-0.05,3900,"bu","09:51:09",907100
4.31,-0.05,500,"bu","09:51:06",903200
4.31,-0.05,100,"bu","09:51:03",902700
4.31,-0.05,200,"bu","09:51:01",902600
4.31,-0.05,700,"bu","09:51:00",902400
4.31,-0.05,1000,"bu","09:50:55",901700
4.31,-0.05,15000,"bu","09:50:50",900700
4.3,-0.06,2000,"sd","09:50:42",885700
4.31,-0.05,108000,"sd","09:50:42",883700
4.32,-0.04,22800,"sd","09:50:42",775700
4.32,-0.04,12200,"sd","09:50:41",752900
4.33,-0.03,19300,"sd","09:50:41",740700
4.33,-0.03,1000,"sd","09:50:37",721400
4.33,-0.03,12000,"sd","09:50:32",720400
4.33,-0.03,500,"sd","09:50:14",708400
4.33,-0.03,15000,"sd","09:50:04",707900
4.33,-0.03,1000,"sd","09:49:53",692900
4.33,-0.03,10000,"sd","09:49:49",691900
4.34,-0.02,100,"bu","09:49:21",681900
4.34,-0.02,100,"bu","09:49:18",681800
4.34,-0.02,500,"bu","09:49:02",681700
4.34,-0.02,400,"sd","09:48:57",681200
4.34,-0.02,700,"sd","09:48:52",680800
4.34,-0.02,600,"bu","09:48:18",680100
4.33,-0.03,30000,"sd","09:48:17",679500
4.34,-0.02,1000,"bu","09:48:13",649500
4.34,-0.02,500,"bu","09:48:10",648500
4.34,-0.02,100,"bu","09:48:05",648000
4.34,-0.02,500,"bu","09:48:03",647900
4.34,-0.02,2200,"sd","09:47:56",647400
4.34,-0.02,100,"sd","09:47:55",645200
4.34,-0.02,36800,"sd","09:47:54",645100
4.34,-0.02,1200,"sd","09:47:54",608300
4.34,-0.02,100,"sd","09:47:37",607100
4.34,-0.02,600,"sd","09:47:27",607000
4.35,-0.01,100,"bu","09:47:17",606400
4.35,-0.01,300,"sd","09:46:57",606300
4.35,-0.01,300,"sd","09:46:53",606000
4.35,-0.01,3000,"sd","09:46:26",605700
4.35,-0.01,1000,"sd","09:46:17",602700
4.35,-0.01,1900,"bu","09:46:11",601700
4.35,-0.01,1900,"sd","09:45:56",599800
4.35,-0.01,2000,"sd","09:45:45",597900
4.35,-0.01,9100,"bu","09:45:35",595900
4.35,-0.01,500,"bu","09:45:33",586800
4.35,-0.01,400,"sd","09:45:21",586300
4.35,-0.01,10000,"sd","09:45:21",585900
4.35,-0.01,200,"sd","09:45:13",575900
4.35,-0.01,200,"sd","09:44:59",575700
4.35,-0.01,19400,"bu","09:44:56",575500
4.35,-0.01,10000,"bu","09:44:33",556100
4.34,-0.02,10000,"sd","09:44:21",546100
4.35,-0.01,1000,"bu","09:44:20",536100
4.35,-0.01,500,"bu","09:43:56",535100
4.35,-0.01,1000,"bu","09:43:43",534600
4.35,-0.01,5000,"bu","09:43:40",533600
4.35,-0.01,100,"bu","09:43:28",528600
4.35,-0.01,100,"bu","09:43:21",528500
4.35,-0.01,1000,"bu","09:43:19",528400
4.35,-0.01,100,"bu","09:43:18",527400
4.35,-0.01,100,"bu","09:43:02",527300
4.34,-0.02,100,"sd","09:42:54",527200
4.34,-0.02,100,"sd","09:42:44",527100
4.35,-0.01,9100,"bu","09:42:38",527000
4.35,-0.01,600,"bu","09:42:32",517900
4.35,-0.01,2700,"sd","09:42:17",517300
4.35,-0.01,300,"sd","09:42:15",514600
4.35,-0.01,3000,"sd","09:42:03",514300
4.35,-0.01,100,"sd","09:41:57",511300
4.35,-0.01,100,"bu","09:41:12",511200
4.35,-0.01,5000,"bu","09:41:03",511100
4.35,-0.01,1000,"bu","09:40:42",506100
4.35,-0.01,6900,"sd","09:40:35",505100
4.35,-0.01,1200,"sd","09:40:23",498200
4.35,-0.01,20000,"sd","09:40:09",497000
4.35,-0.01,4900,"sd","09:39:32",477000
4.35,-0.01,100,"sd","09:38:53",472100
4.36,0,100,"bu","09:38:38",472000
4.36,0,1000,"bu","09:38:35",471900
4.36,0,1200,"sd","09:38:02",470900
4.37,0.01,700,"bu","09:37:39",469700
4.36,0,100,"sd","09:37:03",469000
4.36,0,100,"sd","09:36:33",468900
4.36,0,2000,"sd","09:36:28",468800
4.36,0,17800,"bu","09:36:23",466800
4.35,-0.01,300,"sd","09:36:20",449000
4.36,0,200,"bu","09:36:15",448700
4.36,0,100,"bu","09:36:06",448500
4.35,-0.01,100,"sd","09:35:54",448400
4.36,0,200,"bu","09:35:38",448300
4.36,0,35600,"sd","09:35:05",448100
4.37,0.01,5000,"bu","09:34:53",412500
4.37,0.01,1500,"bu","09:34:43",407500
4.37,0.01,100,"bu","09:34:27",406000
4.37,0.01,19200,"bu","09:34:19",405900
4.37,0.01,25100,"sd","09:34:10",386700
4.37,0.01,6600,"sd","09:33:54",361600
4.38,0.02,200,"bu","09:33:40",355000
4.38,0.02,2000,"sd","09:33:20",354800
4.38,0.02,100,"sd","09:32:56",352800
4.38,0.02,500,"sd","09:32:52",352700
4.38,0.02,7500,"bu","09:32:51",352200
4.38,0.02,500,"bu","09:32:10",344700
4.38,0.02,3000,"bu","09:32:02",344200
4.38,0.02,600,"bu","09:31:44",341200
4.38,0.02,19800,"sd","09:30:54",340600
4.38,0.02,1000,"sd","09:30:40",320800
4.39,0.03,8500,"bu","09:30:34",319800
4.39,0.03,1000,"bu","09:30:32",311300
4.39,0.03,300,"bu","09:30:26",310300
4.39,0.03,36600,"sd","09:30:07",310000
4.39,0.03,10000,"sd","09:30:03",273400
4.39,0.03,1000,"sd","09:29:59",263400
4.39,0.03,2400,"bu","09:29:58",262400
4.39,0.03,700,"sd","09:29:41",260000
4.4,0.04,7200,"bu","09:29:25",259300
4.39,0.03,3800,"bu","09:29:25",252100
4.38,0.02,100,"bu","09:29:12",248300
4.37,0.01,500,"sd","09:28:41",248200
4.39,0.03,6600,"bu","09:28:36",247700
4.38,0.02,1400,"bu","09:28:36",241100
4.38,0.02,5000,"bu","09:28:31",239700
4.37,0.01,100,"sd","09:28:23",234700
4.37,0.01,500,"sd","09:28:10",234600
4.37,0.01,300,"sd","09:28:05",234100
4.37,0.01,21500,"bu","09:27:59",233800
4.37,0.01,200,"bu","09:27:44",212300
4.37,0.01,100,"bu","09:27:14",212100
4.37,0.01,1300,"bu","09:27:00",212000
4.37,0.01,500,"bu","09:26:16",210700
4.37,0.01,2000,"bu","09:26:04",210200
4.36,0,6000,"sd","09:25:56",208200
4.36,0,1000,"sd","09:25:40",202200
4.36,0,5000,"sd","09:25:05",201200
4.37,0.01,100,"bu","09:25:00",196200
4.36,0,200,"sd","09:24:50",196100
4.37,0.01,2000,"sd","09:24:26",195900
4.37,0.01,1000,"sd","09:24:25",193900
4.37,0.01,500,"sd","09:24:00",192900
4.37,0.01,4500,"bu","09:23:52",192400
4.36,0,3600,"bu","09:23:16",187900
4.36,0,100,"bu","09:22:45",184300
4.36,0,100,"bu","09:22:42",184200
4.36,0,900,"bu","09:22:29",184100
4.36,0,1000,"bu","09:21:58",183200
4.36,0,5300,"bu","09:21:35",182200
4.36,0,1000,"bu","09:21:33",176900
4.36,0,2000,"bu","09:21:26",175900
4.35,-0.01,3400,"sd","09:21:00",173900
4.36,0,2000,"bu","09:20:59",170500
4.35,-0.01,500,"sd","09:20:58",168500
4.35,-0.01,100,"sd","09:19:58",168000
4.36,0,200,"bu","09:19:47",167900
4.36,0,200,"bu","09:19:45",167700
4.35,-0.01,100,"sd","09:19:31",167500
4.36,0,5000,"bu","09:19:28",167400
4.35,-0.01,500,"bu","09:19:25",162400
4.36,0,8100,"bu","09:18:13",161900
4.35,-0.01,6000,"bu","09:18:13",153800
4.34,-0.02,200,"sd","09:18:08",146900
4.35,-0.01,3900,"sd","09:18:02",146700
4.36,0,200,"bu","09:17:55",142800
4.36,0,100,"bu","09:17:54",142600
4.36,0,1500,"bu","09:17:44",142500
4.36,0,100,"bu","09:17:35",141000
4.36,0,2000,"bu","09:17:25",140900
4.36,0,2200,"bu","09:17:22",138900
4.36,0,100,"bu","09:17:21",136700
4.36,0,200,"bu","09:17:12",136600
4.36,0,100,"bu","09:17:04",136400
4.35,-0.01,1000,"sd","09:16:53",136300
4.35,-0.01,5000,"sd","09:16:46",135300
4.35,-0.01,500,"sd","09:16:38",130300
4.35,-0.01,5200,"bu","09:16:25",129800
4.33,-0.03,100,"sd","09:16:25",124600
4.35,-0.01,5600,"bu","09:16:20",124500
4.35,-0.01,100,"bu","09:16:12",118900
4.32,-0.04,500,"sd","09:15:50",118800
4.35,-0.01,400,"bu","09:15:47",118300
4.32,-0.04,500,"sd","09:15:40",117900
4.31,-0.05,117400,"","09:15:00",117400
