"price","change","match_qtty","side","time","total_vol"
7.28,-0.04,391400,"","14:45:03",2130200
7.31,-0.01,4000,"sd","14:29:37",1738800
7.32,0,200,"bu","14:29:28",1734800
7.31,-0.01,3000,"sd","14:29:05",1734600
7.32,0,3000,"bu","14:28:47",1731600
7.32,0,10000,"bu","14:28:27",1728600
7.31,-0.01,100,"sd","14:28:21",1718600
7.32,0,5000,"bu","14:28:19",1718500
7.31,-0.01,300,"sd","14:28:12",1713500
7.31,-0.01,100,"sd","14:28:11",1713200
7.31,-0.01,1000,"bu","14:27:15",1713100
7.31,-0.01,3900,"bu","14:27:14",1712100
7.31,-0.01,1000,"bu","14:27:02",1708200
7.31,-0.01,100,"sd","14:27:01",1707200
7.31,-0.01,200,"bu","14:27:00",1707100
7.31,-0.01,100,"sd","14:26:33",1706900
7.31,-0.01,4100,"bu","14:26:27",1706800
7.31,-0.01,2000,"bu","14:26:20",1702700
7.31,-0.01,2000,"bu","14:26:08",1700700
7.3,-0.02,4000,"sd","14:25:57",1698700
7.31,-0.01,5000,"bu","14:25:52",1694700
7.3,-0.02,200,"sd","14:25:45",1689700
7.31,-0.01,20000,"bu","14:25:37",1689500
7.3,-0.02,5000,"sd","14:25:32",1669500
7.3,-0.02,1600,"sd","14:23:46",1664500
7.31,-0.01,1000,"bu","14:23:40",1662900
7.3,-0.02,1000,"sd","14:23:36",1661900
7.3,-0.02,1000,"sd","14:23:11",1660900
7.3,-0.02,700,"sd","14:22:57",1659900
7.31,-0.01,2200,"bu","14:22:55",1659200
7.3,-0.02,200,"sd","14:22:37",1657000
7.3,-0.02,1300,"sd","14:22:36",1656800
7.31,-0.01,200,"bu","14:22:36",1655500
7.3,-0.02,8000,"sd","14:22:15",1655300
7.31,-0.01,10000,"bu","14:22:13",1647300
7.31,-0.01,5000,"bu","14:22:06",1637300
7.3,-0.02,1000,"sd","14:21:53",1632300
7.3,-0.02,46300,"bu","14:20:59",1631300
7.3,-0.02,100,"bu","14:20:46",1585000
7.3,-0.02,100,"bu","14:19:49",1584900
7.3,-0.02,200,"bu","14:19:23",1584800
7.3,-0.02,1000,"bu","14:18:41",1584600
7.3,-0.02,4700,"sd","14:18:00",1583600
7.3,-0.02,300,"sd","14:17:58",1578900
7.3,-0.02,1000,"sd","14:17:00",1578600
7.3,-0.02,33000,"bu","14:16:40",1577600
7.3,-0.02,2900,"bu","14:15:57",1544600
7.3,-0.02,800,"bu","14:15:34",1541700
7.3,-0.02,5200,"sd","14:15:28",1540900
7.3,-0.02,1000,"sd","14:15:24",1535700
7.3,-0.02,900,"sd","14:15:02",1534700
7.3,-0.02,13900,"bu","14:14:36",1533800
7.3,-0.02,100,"bu","14:14:35",1519900
7.3,-0.02,100,"bu","14:14:32",1519800
7.3,-0.02,20000,"bu","14:14:20",1519700
7.29,-0.03,3000,"sd","14:13:29",1496200
7.3,-0.02,20000,"bu","14:13:21",1493200
7.29,-0.03,15000,"sd","14:12:49",1473200
7.3,-0.02,10200,"sd","14:12:43",1458200
7.3,-0.02,11800,"sd","14:12:32",1448000
7.3,-0.02,5000,"sd","14:12:24",1436200
7.3,-0.02,5000,"sd","14:12:18",1431200
7.3,-0.02,1000,"sd","14:12:09",1426200
7.31,-0.01,200,"bu","14:11:21",1425200
7.31,-0.01,2300,"bu","14:10:33",1425000
7.31,-0.01,100,"bu","14:08:20",1422700
7.3,-0.02,1000,"sd","14:08:15",1422600
7.3,-0.02,500,"sd","14:08:01",1421600
7.3,-0.02,900,"sd","14:07:18",1421100
7.3,-0.02,10000,"sd","14:06:17",1420200
7.3,-0.02,2000,"sd","14:05:14",1410200
7.3,-0.02,1200,"sd","14:05:08",1408200
7.29,-0.03,5400,"bu","14:03:11",1407000
7.29,-0.03,10000,"bu","14:03:10",1401600
7.29,-0.03,24400,"sd","14:02:54",1391600
7.3,-0.02,40200,"sd","14:02:54",1367200
7.3,-0.02,26600,"bu","14:02:02",1327000
7.3,-0.02,2000,"bu","14:01:39",1300400
7.3,-0.02,5700,"bu","14:01:38",1298400
7.3,-0.02,3000,"bu","14:01:27",1292700
7.3,-0.02,500,"bu","14:01:09",1289700
7.3,-0.02,500,"bu","14:01:02",1289200
7.3,-0.02,100,"bu","14:00:42",1288700
7.29,-0.03,100,"sd","13:59:54",1288600
7.29,-0.03,4500,"sd","13:58:29",1288500
7.29,-0.03,4000,"sd","13:57:53",1284000
7.3,-0.02,1000,"sd","13:55:23",1280000
7.3,-0.02,500,"sd","13:55:10",1279000
7.3,-0.02,10000,"sd","13:55:04",1278500
7.3,-0.02,5000,"sd","13:55:02",1268500
7.3,-0.02,30000,"sd","13:54:49",1263500
7.3,-0.02,2000,"sd","13:54:46",1233500
7.3,-0.02,2000,"sd","13:54:43",1231500
7.3,-0.02,3000,"sd","13:53:33",1229500
7.3,-0.02,1000,"sd","13:53:26",1226500
7.3,-0.02,2000,"sd","13:53:24",1225500
7.3,-0.02,200,"sd","13:53:15",1223500
7.3,-0.02,100,"sd","13:52:58",1223300
7.3,-0.02,200,"sd","13:52:47",1223200
7.3,-0.02,1000,"sd","13:52:07",1223000
7.3,-0.02,200,"sd","13:51:41",1222000
7.3,-0.02,1500,"sd","13:50:33",1221800
7.3,-0.02,1000,"sd","13:50:31",1220300
7.3,-0.02,1500,"sd","13:50:15",1219300
7.3,-0.02,11400,"bu","13:49:36",1217800
7.3,-0.02,100,"bu","13:48:09",1206400
7.3,-0.02,800,"sd","13:48:04",1206300
7.3,-0.02,1000,"sd","13:47:32",1205500
7.3,-0.02,1400,"bu","13:47:31",1204500
7.3,-0.02,3600,"sd","13:47:22",1203100
7.3,-0.02,6800,"sd","13:47:18",1199500
7.3,-0.02,17900,"bu","13:46:37",1192700
7.29,-0.03,100,"bu","13:46:10",1174800
7.29,-0.03,1000,"bu","13:45:41",1174700
7.28,-0.04,600,"sd","13:44:31",1173700
7.29,-0.03,2400,"sd","13:43:33",1173100
7.29,-0.03,22800,"sd","13:42:20",1170700
7.29,-0.03,5000,"sd","13:42:14",1147900
7.29,-0.03,300,"sd","13:39:51",1142900
7.29,-0.03,1500,"sd","13:39:27",1142600
7.29,-0.03,10000,"sd","13:39:22",1141100
7.3,-0.02,17200,"sd","13:37:49",1131100
7.3,-0.02,300,"sd","13:37:12",1113900
7.3,-0.02,1000,"sd","13:36:35",1113600
7.3,-0.02,700,"sd","13:36:18",1112600
7.3,-0.02,500,"sd","13:36:13",1111900
7.3,-0.02,500,"sd","13:35:51",1111400
7.3,-0.02,2000,"sd","13:33:58",1110900
7.31,-0.01,2000,"bu","13:31:58",1108900
7.31,-0.01,3800,"sd","13:30:23",1106900
7.31,-0.01,500,"sd","13:30:21",1103100
7.31,-0.01,1000,"sd","13:30:12",1102600
7.31,-0.01,700,"sd","13:29:47",1101600
7.31,-0.01,400,"sd","13:29:42",1100900
7.31,-0.01,5000,"sd","13:29:40",1100500
7.31,-0.01,800,"sd","13:29:33",1095500
7.31,-0.01,100,"sd","13:29:30",1094700
7.31,-0.01,300,"sd","13:29:05",1094600
7.32,0,100,"bu","13:29:04",1094300
7.31,-0.01,20000,"sd","13:28:56",1094200
7.31,-0.01,300,"sd","13:27:29",1074200
7.31,-0.01,5000,"sd","13:27:23",1073900
7.31,-0.01,1700,"sd","13:27:11",1068900
7.31,-0.01,400,"bu","13:26:40",1067200
7.31,-0.01,400,"sd","13:26:00",1066800
7.31,-0.01,100,"sd","13:25:40",1066400
7.31,-0.01,900,"sd","13:25:32",1066300
7.31,-0.01,200,"sd","13:25:29",1065400
7.31,-0.01,8500,"bu","13:24:47",1065200
7.3,-0.02,2000,"sd","13:24:45",1056700
7.3,-0.02,500,"sd","13:24:16",1054700
7.3,-0.02,4400,"bu","13:23:51",1054200
7.3,-0.02,10000,"bu","13:23:48",1049800
7.3,-0.02,3000,"bu","13:23:23",1039800
7.3,-0.02,1000,"bu","13:23:00",1036800
7.3,-0.02,10000,"bu","13:22:56",1035800
7.3,-0.02,2100,"sd","13:22:54",1025800
7.3,-0.02,3900,"bu","13:22:51",1023700
7.3,-0.02,100,"bu","13:22:39",1019800
7.3,-0.02,10000,"bu","13:22:34",1019700
7.29,-0.03,300,"sd","13:22:33",1009700
7.3,-0.02,5000,"bu","13:22:27",1009400
7.3,-0.02,5000,"bu","13:22:00",1004400
7.29,-0.03,800,"bu","13:21:33",999400
7.29,-0.03,100,"bu","13:21:29",998600
7.29,-0.03,200,"bu","13:21:29",998500
7.29,-0.03,10000,"bu","13:21:14",998300
7.29,-0.03,100,"bu","13:21:11",988300
7.29,-0.03,1000,"bu","13:21:10",988200
7.28,-0.04,14600,"bu","13:19:59",987200
7.28,-0.04,22200,"sd","13:19:29",972600
7.29,-0.03,100,"bu","13:19:14",950400
7.28,-0.04,1000,"sd","13:19:11",950300
7.28,-0.04,9000,"sd","13:18:24",949300
7.28,-0.04,6000,"sd","13:17:55",940300
7.29,-0.03,5000,"bu","13:17:43",934300
7.28,-0.04,5000,"sd","13:17:37",929300
7.28,-0.04,3500,"bu","13:17:10",924300
7.28,-0.04,1000,"bu","13:17:08",920800
7.28,-0.04,2000,"bu","13:16:46",919800
7.27,-0.05,1000,"sd","13:16:46",917800
7.28,-0.04,100,"bu","13:16:45",916800
7.27,-0.05,4000,"sd","13:15:45",916700
7.27,-0.05,1000,"sd","13:15:30",912700
7.27,-0.05,3000,"sd","13:15:04",911700
7.27,-0.05,2000,"sd","13:14:09",908700
7.27,-0.05,1000,"sd","13:13:26",906700
7.27,-0.05,2000,"sd","13:13:19",905700
7.28,-0.04,1000,"bu","13:13:14",903700
7.27,-0.05,100,"sd","13:13:05",902700
7.27,-0.05,900,"bu","13:12:25",902600
7.27,-0.05,200,"bu","13:12:22",901700
7.27,-0.05,3900,"sd","13:11:43",901500
7.27,-0.05,26300,"sd","13:11:35",897600
7.28,-0.04,500,"bu","13:11:15",871300
7.28,-0.04,14300,"sd","13:10:57",870800
7.29,-0.03,3000,"bu","13:10:51",856500
7.29,-0.03,100,"bu","13:10:44",853500
7.29,-0.03,100,"bu","13:10:30",853400
7.29,-0.03,100,"bu","13:10:17",853300
7.29,-0.03,400,"sd","13:09:40",853200
7.29,-0.03,500,"sd","13:09:20",852800
7.29,-0.03,4200,"bu","13:08:25",852300
7.29,-0.03,2800,"sd","13:07:49",848100
7.29,-0.03,10000,"sd","13:07:41",845300
7.29,-0.03,100,"sd","13:06:30",835300
7.3,-0.02,1100,"bu","13:04:14",835200
7.29,-0.03,2200,"bu","13:04:01",834100
7.3,-0.02,200,"bu","13:03:13",831900
7.3,-0.02,300,"bu","13:02:46",831700
7.3,-0.02,500,"bu","13:01:59",831400
7.3,-0.02,100,"bu","13:00:24",830900
7.28,-0.04,20500,"sd","13:00:22",830800
7.29,-0.03,9500,"sd","13:00:22",810300
7.3,-0.02,200,"bu","13:00:12",800800
7.3,-0.02,200,"sd","13:00:11",800600
7.3,-0.02,11300,"sd","13:00:01",800400
7.31,-0.01,1700,"sd","13:00:01",789100
7.31,-0.01,1300,"sd","13:00:01",787400
7.31,-0.01,2600,"sd","11:29:25",786100
7.32,0,500,"bu","11:26:55",783500
7.32,0,3000,"bu","11:25:30",783000
7.32,0,1000,"bu","11:24:49",780000
7.32,0,100,"bu","11:24:38",779000
7.32,0,1000,"bu","11:24:10",778900
7.32,0,6000,"bu","11:23:56",777900
7.31,-0.01,500,"sd","11:23:40",771900
7.31,-0.01,400,"sd","11:23:09",771400
7.3,-0.02,100,"sd","11:22:32",771000
7.3,-0.02,500,"sd","11:22:22",770900
7.3,-0.02,400,"sd","11:20:42",770400
7.3,-0.02,27000,"bu","11:19:57",770000
7.28,-0.04,4300,"sd","11:17:51",743000
7.29,-0.03,4700,"sd","11:17:51",738700
7.29,-0.03,25300,"bu","11:17:25",734000
7.28,-0.04,2000,"sd","11:15:19",708700
7.29,-0.03,100,"bu","11:13:43",706700
7.29,-0.03,100,"bu","11:13:30",706600
7.29,-0.03,3900,"bu","11:12:19",706500
7.29,-0.03,1200,"sd","11:10:45",702600
7.29,-0.03,3400,"sd","11:09:11",701400
7.29,-0.03,400,"sd","11:07:57",698000
7.29,-0.03,5000,"sd","11:07:50",697600
7.29,-0.03,100,"sd","11:07:48",692600
7.29,-0.03,1300,"sd","11:06:21",692500
7.29,-0.03,5000,"sd","11:06:05",691200
7.3,-0.02,500,"bu","11:05:52",686200
7.29,-0.03,5000,"sd","11:05:52",685700
7.3,-0.02,1000,"bu","11:02:52",680700
7.3,-0.02,600,"bu","11:01:12",679700
7.3,-0.02,500,"bu","11:00:24",679100
7.3,-0.02,30000,"bu","10:59:56",678600
7.29,-0.03,1000,"sd","10:59:37",648600
7.3,-0.02,100,"bu","10:59:20",647600
7.29,-0.03,7600,"bu","10:58:42",647500
7.29,-0.03,5000,"bu","10:58:31",639900
7.29,-0.03,200,"bu","10:58:17",634900
7.29,-0.03,100,"bu","10:57:58",634700
7.29,-0.03,500,"bu","10:57:45",634600
7.29,-0.03,100,"bu","10:57:01",634100
7.28,-0.04,3700,"sd","10:56:59",634000
7.29,-0.03,5000,"bu","10:56:51",630300
7.28,-0.04,5400,"sd","10:55:37",625300
7.28,-0.04,800,"sd","10:54:59",619900
7.28,-0.04,5300,"bu","10:54:41",619100
7.28,-0.04,200,"bu","10:53:58",613800
7.28,-0.04,100,"sd","10:53:58",613600
7.28,-0.04,400,"bu","10:53:38",613500
7.28,-0.04,2400,"sd","10:53:20",613100
7.28,-0.04,200,"sd","10:53:02",610700
7.28,-0.04,20000,"sd","10:51:57",610500
7.29,-0.03,1500,"sd","10:51:11",590500
7.29,-0.03,300,"bu","10:51:09",589000
7.29,-0.03,500,"sd","10:50:57",588700
7.29,-0.03,200,"bu","10:50:30",588200
7.29,-0.03,300,"bu","10:50:29",588000
7.29,-0.03,500,"sd","10:50:13",587700
7.29,-0.03,600,"sd","10:49:33",587200
7.29,-0.03,100,"sd","10:49:22",586600
7.29,-0.03,600,"sd","10:49:08",586500
7.29,-0.03,3900,"sd","10:48:57",585900
7.29,-0.03,2100,"sd","10:48:56",582000
7.29,-0.03,8100,"sd","10:48:31",579900
7.3,-0.02,400,"bu","10:48:19",571800
7.3,-0.02,6000,"bu","10:48:12",571400
7.3,-0.02,200,"bu","10:46:04",565400
7.3,-0.02,100,"bu","10:45:48",565200
7.29,-0.03,12000,"sd","10:45:08",565100
7.29,-0.03,37800,"sd","10:44:45",553100
7.3,-0.02,2200,"sd","10:44:45",515300
7.3,-0.02,300,"sd","10:44:25",513100
7.3,-0.02,5000,"sd","10:42:55",512800
7.3,-0.02,5000,"sd","10:41:21",507800
7.31,-0.01,100,"bu","10:40:48",502800
7.31,-0.01,2200,"sd","10:40:03",502700
7.31,-0.01,300,"sd","10:39:59",500500
7.31,-0.01,1000,"sd","10:38:33",500200
7.32,0,1000,"bu","10:34:43",499200
7.32,0,200,"bu","10:34:16",498200
7.32,0,300,"bu","10:33:44",498000
7.31,-0.01,500,"bu","10:33:44",497700
7.31,-0.01,1500,"sd","10:33:39",497200
7.32,0,600,"sd","10:31:00",495700
7.32,0,6000,"sd","10:29:43",495100
7.32,0,200,"sd","10:27:26",489100
7.32,0,200,"bu","10:27:22",488900
7.29,-0.03,13800,"sd","10:26:47",488700
7.3,-0.02,33200,"sd","10:26:47",474900
7.31,-0.01,5000,"sd","10:26:47",441700
7.32,0,6000,"sd","10:24:27",436700
7.32,0,700,"sd","10:23:42",430700
7.32,0,300,"sd","10:23:30",430000
7.32,0,20000,"sd","10:23:09",429700
7.33,0.01,2000,"sd","10:21:11",409700
7.33,0.01,200,"bu","10:18:39",407700
7.33,0.01,300,"bu","10:18:38",407500
7.33,0.01,500,"sd","10:18:20",407200
7.34,0.02,5600,"bu","10:17:27",406700
7.34,0.02,3300,"bu","10:16:18",401100
7.34,0.02,200,"bu","10:15:46",397800
7.34,0.02,1900,"bu","10:15:24",397600
7.34,0.02,300,"bu","10:15:23",395700
7.34,0.02,5000,"sd","10:15:01",395400
7.34,0.02,5000,"sd","10:13:47",390400
7.35,0.03,5000,"bu","10:13:38",385400
7.35,0.03,100,"bu","10:12:56",380400
7.34,0.02,7000,"sd","10:12:54",380300
7.35,0.03,100,"sd","10:11:07",373300
7.35,0.03,800,"bu","10:11:05",373200
7.35,0.03,700,"sd","10:11:01",372400
7.35,0.03,4300,"bu","10:11:00",371700
7.35,0.03,1000,"bu","10:10:28",367400
7.35,0.03,500,"bu","10:09:57",366400
7.35,0.03,300,"bu","10:09:40",365900
7.35,0.03,10000,"bu","10:09:05",365600
7.35,0.03,100,"bu","10:08:19",355600
7.33,0.01,2700,"bu","10:08:04",355500
7.32,0,200,"sd","10:08:03",352800
7.33,0.01,3000,"bu","10:07:57",352600
7.32,0,100,"sd","10:07:42",349600
7.33,0.01,1800,"sd","10:07:41",349500
7.35,0.03,50000,"bu","10:07:25",347700
7.35,0.03,20000,"bu","10:07:16",297700
7.33,0.01,4900,"bu","10:06:57",277700
7.33,0.01,300,"bu","10:06:49",272800
7.33,0.01,200,"bu","10:06:33",272500
7.33,0.01,1000,"bu","10:06:31",272300
7.33,0.01,100,"bu","10:06:21",271300
7.33,0.01,5000,"bu","10:06:13",271200
7.33,0.01,700,"bu","10:06:04",266200
7.33,0.01,500,"bu","10:05:57",265500
7.32,0,800,"sd","10:05:53",265000
7.32,0,1200,"sd","10:05:52",264200
7.33,0.01,800,"bu","10:05:48",263000
7.33,0.01,600,"bu","10:05:35",262200
7.33,0.01,2000,"bu","10:05:33",261600
7.32,0,400,"bu","10:04:38",259600
7.32,0,500,"bu","10:04:38",259200
7.32,0,2000,"bu","10:04:26",258700
7.32,0,100,"bu","10:04:10",256700
7.32,0,2000,"bu","10:04:07",256600
7.32,0,11900,"bu","10:04:05",254600
7.32,0,2000,"bu","10:04:00",242700
7.32,0,500,"bu","10:03:52",240700
7.32,0,100,"bu","10:03:48",240200
7.32,0,8000,"bu","10:03:35",240100
7.31,-0.01,300,"sd","10:01:22",232100
7.31,-0.01,5000,"sd","10:00:31",231800
7.31,-0.01,100,"sd","09:58:42",226800
7.31,-0.01,1000,"sd","09:58:27",226700
7.31,-0.01,100,"sd","09:58:07",225700
7.31,-0.01,500,"sd","09:58:01",225600
7.31,-0.01,4100,"bu","09:57:28",225100
7.31,-0.01,100,"bu","09:57:23",221000
7.31,-0.01,2000,"bu","09:57:18",220900
7.31,-0.01,10000,"bu","09:57:06",218900
7.31,-0.01,500,"bu","09:56:52",208900
7.3,-0.02,2000,"sd","09:52:37",208400
7.3,-0.02,2000,"sd","09:52:25",206400
7.31,-0.01,1500,"bu","09:52:11",204400
7.31,-0.01,1000,"bu","09:50:28",202900
7.3,-0.02,5000,"sd","09:49:42",201900
7.3,-0.02,4000,"sd","09:48:57",196900
7.3,-0.02,9200,"sd","09:48:41",192900
7.3,-0.02,500,"sd","09:47:34",183700
7.3,-0.02,300,"sd","09:47:12",183200
7.3,-0.02,100,"sd","09:47:03",182900
7.3,-0.02,2200,"sd","09:46:41",182800
7.31,-0.01,500,"sd","09:44:48",180600
7.31,-0.01,400,"sd","09:44:14",180100
7.31,-0.01,1100,"bu","09:44:09",179700
7.3,-0.02,30000,"sd","09:43:48",178600
7.3,-0.02,100,"sd","09:43:17",148600
7.3,-0.02,1000,"sd","09:43:05",148500
7.3,-0.02,100,"sd","09:42:24",147500
7.3,-0.02,800,"sd","09:42:15",147400
7.3,-0.02,10000,"sd","09:41:02",146600
7.3,-0.02,4000,"sd","09:40:41",136600
7.31,-0.01,700,"sd","09:40:08",132600
7.32,0,1000,"bu","09:39:28",131900
7.31,-0.01,100,"sd","09:39:26",130900
7.32,0,700,"bu","09:39:15",130800
7.32,0,200,"bu","09:38:38",130100
7.32,0,4200,"sd","09:37:27",129900
7.32,0,5300,"bu","09:37:16",125700
7.31,-0.01,500,"bu","09:37:16",120400
7.31,-0.01,500,"bu","09:36:55",119900
7.31,-0.01,1000,"sd","09:36:50",119400
7.32,0,600,"bu","09:36:39",118400
7.31,-0.01,500,"sd","09:36:22",117800
7.32,0,100,"bu","09:35:56",117300
7.31,-0.01,2000,"sd","09:35:51",117200
7.32,0,30000,"bu","09:35:09",115200
7.31,-0.01,100,"bu","09:34:37",85200
7.31,-0.01,200,"bu","09:34:23",85100
7.31,-0.01,900,"bu","09:33:31",84900
7.31,-0.01,500,"bu","09:33:15",84000
7.31,-0.01,6300,"sd","09:33:05",83500
7.31,-0.01,1000,"sd","09:32:39",77200
7.32,0,100,"bu","09:32:38",76200
7.31,-0.01,1500,"sd","09:32:25",76100
7.31,-0.01,1000,"sd","09:32:08",74600
7.31,-0.01,5000,"sd","09:30:12",73600
7.31,-0.01,200,"bu","09:29:11",68600
7.3,-0.02,15800,"sd","09:28:43",68400
7.3,-0.02,2800,"sd","09:28:43",52600
7.31,-0.01,600,"sd","09:28:43",49800
7.31,-0.01,1000,"bu","09:28:41",49200
7.31,-0.01,100,"sd","09:28:20",48200
7.32,0,4500,"bu","09:28:14",48100
7.31,-0.01,500,"bu","09:27:23",43600
7.31,-0.01,500,"bu","09:27:06",43100
7.3,-0.02,500,"sd","09:25:29",42600
7.32,0,11400,"sd","09:24:35",42100
7.32,0,600,"sd","09:23:07",30700
7.32,0,200,"sd","09:23:00",30100
7.32,0,500,"sd","09:21:20",29900
7.32,0,900,"sd","09:20:49",29400
7.32,0,4600,"bu","09:18:10",28500
7.32,0,500,"bu","09:18:09",23900
7.32,0,1000,"bu","09:17:53",23400
7.32,0,3900,"sd","09:17:21",22400
7.32,0,3000,"sd","09:16:04",18500
7.32,0,3100,"bu","09:15:05",15500
7.32,0,12400,"","09:15:01",12400
