"price","change","match_qtty","side","time","total_vol"
20.1,0.2,4000,"","14:55:54",1377400
20.1,0.2,10000,"","14:51:28",1373400
20.1,0.2,100,"","14:46:39",1363400
20.1,0.2,121700,"","14:45:02",1363300
20.1,0.2,300,"bu","14:29:42",1241600
20.1,0.2,800,"bu","14:29:36",1241300
20.1,0.2,100,"sd","14:29:24",1240500
20.1,0.2,200,"sd","14:29:20",1240400
20.1,0.2,10000,"sd","14:28:59",1240200
20.1,0.2,800,"sd","14:28:52",1230200
20.1,0.2,3000,"sd","14:28:47",1229400
20.1,0.2,25800,"sd","14:28:29",1226400
20.1,0.2,1500,"bu","14:28:25",1200600
20.1,0.2,6900,"bu","14:28:20",1199100
20.1,0.2,700,"bu","14:28:16",1192200
20.1,0.2,3600,"bu","14:28:03",1191500
20.1,0.2,300,"bu","14:28:01",1187900
20.1,0.2,13800,"bu","14:27:56",1187600
20.1,0.2,7000,"bu","14:27:52",1173800
20.1,0.2,2300,"bu","14:27:29",1166800
20,0.1,300,"sd","14:27:09",1164500
20,0.1,100,"sd","14:26:45",1164200
20.1,0.2,500,"bu","14:26:39",1164100
20.1,0.2,10000,"bu","14:26:31",1163600
20.1,0.2,1100,"bu","14:26:24",1153600
20.1,0.2,4000,"bu","14:26:21",1152500
20,0.1,700,"sd","14:26:20",1148500
20.1,0.2,3000,"bu","14:26:11",1147800
20.1,0.2,400,"bu","14:26:08",1144800
20.1,0.2,2100,"bu","14:25:51",1144400
20,0.1,1000,"sd","14:25:50",1142300
20.1,0.2,15000,"bu","14:25:48",1141300
20,0.1,1000,"sd","14:25:20",1126300
20,0.1,86400,"bu","14:24:57",1125300
20,0.1,3300,"bu","14:24:46",1038900
20,0.1,300,"bu","14:24:45",1035600
20,0.1,2500,"bu","14:24:40",1035300
19.9,0,100,"sd","14:23:49",1032800
19.9,0,1400,"sd","14:23:22",1032700
20,0.1,500,"bu","14:23:13",1031300
20,0.1,1100,"bu","14:23:00",1030800
20,0.1,3000,"bu","14:22:38",1029700
19.9,0,100,"sd","14:22:29",1026700
20,0.1,1100,"bu","14:22:21",1026600
20,0.1,200,"bu","14:22:10",1025500
19.9,0,700,"sd","14:21:54",1025300
19.9,0,1000,"sd","14:21:06",1024600
19.9,0,9900,"sd","14:20:40",1023600
19.9,0,200,"sd","14:20:39",1013700
19.9,0,6100,"sd","14:19:28",1013500
19.9,0,1000,"sd","14:18:52",1007400
19.9,0,100,"sd","14:18:21",1006400
19.9,0,200,"sd","14:18:20",1006300
19.9,0,10000,"sd","14:18:13",1006100
19.9,0,500,"sd","14:18:12",996100
19.9,0,20000,"sd","14:18:04",995600
19.9,0,5000,"sd","14:17:40",975600
19.9,0,3000,"sd","14:16:45",970600
19.9,0,5000,"sd","14:16:44",967600
19.9,0,17000,"sd","14:16:38",962600
19.9,0,2000,"sd","14:16:31",945600
19.9,0,1400,"sd","14:16:18",943600
19.9,0,100,"sd","14:16:03",942200
19.9,0,5000,"sd","14:15:38",942100
19.9,0,1500,"sd","14:14:47",937100
19.9,0,500,"sd","14:14:10",935600
19.9,0,100,"sd","14:13:49",935100
19.9,0,100,"sd","14:13:43",935000
19.9,0,300,"sd","14:13:34",934900
19.9,0,200,"sd","14:13:16",934600
19.9,0,100,"sd","14:13:12",934400
19.9,0,300,"sd","14:12:37",934300
19.9,0,24000,"sd","14:12:33",934000
19.9,0,3000,"bu","14:12:26",910000
19.9,0,100,"bu","14:11:19",907000
19.9,0,200,"bu","14:11:18",906900
19.9,0,200,"bu","14:11:12",906700
19.9,0,23000,"bu","14:11:07",906500
19.9,0,500,"sd","14:11:02",883500
19.9,0,5500,"sd","14:10:16",883000
19.9,0,5000,"sd","14:09:41",877500
19.9,0,3100,"sd","14:08:56",872500
19.9,0,600,"sd","14:08:26",869400
19.9,0,7900,"sd","14:08:18",868800
19.9,0,1200,"sd","14:08:07",860900
19.9,0,1500,"sd","14:07:45",859700
19.9,0,10000,"sd","14:06:28",858200
19.9,0,900,"sd","14:05:55",848200
19.9,0,100,"","14:04:22",847300
19.9,0,500,"bu","14:04:20",847200
19.9,0,8000,"bu","14:04:07",846700
19.9,0,3000,"bu","14:03:57",838700
19.9,0,5000,"bu","14:03:53",835700
19.9,0,200,"bu","14:03:50",830700
19.9,0,5000,"bu","14:03:44",830500
19.9,0,100,"bu","14:03:39",825500
19.9,0,10000,"bu","14:02:44",825400
19.9,0,500,"bu","14:02:41",815400
19.9,0,100,"bu","14:02:24",814900
19.9,0,500,"bu","14:01:43",814800
19.9,0,200,"bu","14:01:30",814300
19.8,-0.1,4800,"sd","14:00:36",814100
19.8,-0.1,7800,"sd","14:00:03",809300
19.8,-0.1,400,"sd","14:00:01",801500
19.8,-0.1,200,"sd","13:59:31",801100
19.8,-0.1,1500,"sd","13:59:30",800900
19.8,-0.1,25000,"sd","13:58:17",799400
19.8,-0.1,300,"sd","13:54:53",774400
19.9,0,200,"bu","13:53:43",774100
19.9,0,200,"bu","13:52:50",773900
19.9,0,200,"bu","13:50:05",773700
19.9,0,1000,"bu","13:48:07",773500
19.9,0,1000,"bu","13:47:39",772500
19.9,0,100,"bu","13:46:37",771500
19.9,0,2500,"bu","13:45:27",771400
19.9,0,2000,"bu","13:43:47",768900
19.9,0,100,"bu","13:43:20",766900
19.9,0,2000,"bu","13:41:53",766800
19.9,0,1000,"bu","13:41:37",764800
19.9,0,1300,"bu","13:40:50",763800
19.9,0,11600,"bu","13:40:45",762500
19.9,0,5000,"sd","13:40:15",750900
19.9,0,2000,"sd","13:39:08",745900
19.9,0,200,"sd","13:38:15",743900
20,0.1,400,"bu","13:36:26",743700
19.9,0,1000,"sd","13:36:02",743300
19.9,0,100,"sd","13:35:29",742300
19.9,0,300,"sd","13:35:20",742200
19.9,0,900,"sd","13:34:25",741900
19.9,0,500,"sd","13:34:15",741000
19.9,0,600,"sd","13:34:11",740500
19.9,0,400,"bu","13:33:22",739900
19.9,0,100,"bu","13:33:11",739500
19.9,0,1000,"bu","13:30:44",739400
19.8,-0.1,2000,"sd","13:30:28",738400
19.9,0,1000,"bu","13:29:57",736400
19.9,0,100,"bu","13:27:22",735400
19.9,0,2000,"bu","13:27:11",735300
19.9,0,100,"sd","13:26:38",733300
19.9,0,1500,"sd","13:26:28",733200
19.9,0,700,"sd","13:26:18",731700
19.9,0,10000,"sd","13:26:11",731000
19.9,0,7900,"sd","13:22:09",721000
19.9,0,100,"bu","13:21:59",713100
19.9,0,10000,"bu","13:21:53",713000
19.9,0,200,"bu","13:21:52",703000
19.9,0,9800,"bu","13:21:29",702800
19.9,0,200,"sd","13:21:24",693000
19.9,0,2000,"bu","13:21:23",692800
19.9,0,15000,"bu","13:21:17",690800
19.9,0,5000,"bu","13:21:09",675800
19.9,0,5900,"bu","13:21:06",670800
19.9,0,2000,"bu","13:21:03",664900
19.9,0,2000,"bu","13:21:02",662900
19.9,0,500,"bu","13:20:49",660900
19.9,0,23100,"bu","13:20:48",660400
19.9,0,1000,"bu","13:19:42",637300
19.9,0,2000,"bu","13:17:22",636300
19.9,0,200,"bu","13:16:32",634300
19.9,0,400,"bu","13:15:58",634100
19.8,-0.1,1000,"sd","13:13:30",633700
19.8,-0.1,100,"sd","13:12:29",632700
19.9,0,100,"bu","13:12:21",632600
19.8,-0.1,600,"sd","13:12:09",632500
19.8,-0.1,3000,"sd","13:11:53",631900
19.8,-0.1,200,"sd","13:10:42",628900
19.8,-0.1,200,"sd","13:10:41",628700
19.8,-0.1,1700,"sd","13:10:04",628500
19.8,-0.1,1000,"sd","13:10:01",626800
19.8,-0.1,100,"sd","13:09:51",625800
19.8,-0.1,3000,"sd","13:08:38",625700
19.8,-0.1,1300,"sd","13:06:45",622700
19.8,-0.1,200,"sd","13:06:19",621400
19.8,-0.1,200,"sd","13:06:07",621200
19.8,-0.1,13800,"sd","13:05:39",621000
19.8,-0.1,3000,"sd","13:05:36",607200
19.8,-0.1,6000,"sd","13:05:16",604200
19.8,-0.1,2100,"sd","13:04:56",598200
19.8,-0.1,100,"sd","13:04:05",596100
19.8,-0.1,300,"sd","13:02:58",596000
19.9,0,200,"bu","13:01:47",595700
19.8,-0.1,300,"sd","13:00:31",595500
19.8,-0.1,300,"sd","13:00:30",595200
19.9,0,1000,"bu","13:00:19",594900
19.8,-0.1,3600,"sd","13:00:04",593900
19.8,-0.1,2400,"sd","13:00:03",590300
19.8,-0.1,400,"sd","13:00:02",587900
19.8,-0.1,16900,"sd","13:00:01",587500
19.8,-0.1,300,"sd","11:29:57",570600
19.9,0,1000,"bu","11:29:16",570300
19.8,-0.1,200,"sd","11:29:01",569300
19.9,0,600,"bu","11:28:50",569100
19.9,0,1000,"bu","11:28:04",568500
19.9,0,1300,"bu","11:26:56",567500
19.9,0,100,"bu","11:24:35",566200
19.9,0,100,"bu","11:23:17",566100
19.9,0,500,"bu","11:21:52",566000
19.8,-0.1,5000,"sd","11:21:49",565500
19.9,0,100,"bu","11:20:06",560500
19.8,-0.1,2000,"sd","11:19:45",560400
19.8,-0.1,300,"sd","11:10:59",558400
19.8,-0.1,700,"sd","11:10:05",558100
19.8,-0.1,100,"sd","11:09:49",557400
19.8,-0.1,300,"sd","11:09:29",557300
19.8,-0.1,70000,"sd","11:07:53",557000
19.9,0,200,"bu","11:07:26",487000
19.9,0,1000,"bu","11:07:01",486800
19.9,0,2700,"sd","11:06:10",485800
19.9,0,1000,"sd","11:06:09",483100
19.9,0,200,"sd","11:05:13",482100
19.9,0,1000,"sd","11:05:07",481900
19.9,0,20000,"sd","11:03:37",480900
19.9,0,8000,"sd","11:01:58",460900
19.9,0,1000,"sd","10:58:37",452900
19.9,0,300,"sd","10:57:35",451900
19.9,0,1000,"sd","10:56:13",451600
19.9,0,200,"sd","10:55:16",450600
19.9,0,1000,"sd","10:55:09",450400
19.9,0,200,"sd","10:54:35",449400
19.9,0,200,"sd","10:54:19",449200
19.9,0,25000,"sd","10:53:53",449000
19.9,0,200,"sd","10:53:39",424000
19.9,0,400,"sd","10:53:34",423800
19.9,0,100,"sd","10:51:56",423400
19.9,0,500,"sd","10:51:29",423300
19.9,0,200,"sd","10:51:24",422800
19.9,0,500,"sd","10:51:18",422600
19.9,0,10000,"sd","10:51:12",422100
19.9,0,10000,"sd","10:51:06",412100
19.9,0,4000,"sd","10:50:40",402100
19.9,0,9400,"sd","10:49:58",398100
19.9,0,500,"sd","10:49:51",388700
19.9,0,2300,"sd","10:49:40",388200
19.9,0,20000,"sd","10:49:36",385900
20,0.1,1000,"bu","10:49:12",365900
19.9,0,2500,"sd","10:49:04",364900
19.9,0,200,"sd","10:47:22",362400
19.9,0,200,"sd","10:45:51",362200
19.9,0,500,"sd","10:45:09",362000
19.9,0,2000,"sd","10:42:32",361500
19.9,0,400,"sd","10:40:02",359500
19.9,0,1000,"sd","10:34:40",359100
20,0.1,400,"bu","10:34:21",358100
20,0.1,3500,"bu","10:32:24",357700
20,0.1,3000,"sd","10:31:15",354200
20,0.1,100,"sd","10:29:58",351200
20,0.1,500,"sd","10:29:19",351100
20,0.1,200,"sd","10:28:27",350600
20,0.1,700,"sd","10:28:24",350400
20,0.1,100,"sd","10:28:12",349700
20,0.1,2000,"sd","10:27:52",349600
20,0.1,100,"bu","10:26:06",347600
20,0.1,2000,"bu","10:25:47",347500
20,0.1,900,"sd","10:25:31",345500
20,0.1,59100,"bu","10:24:35",344600
19.9,0,2000,"sd","10:24:28",285500
20,0.1,500,"bu","10:21:34",283500
20,0.1,100,"bu","10:20:53",283000
20,0.1,100,"bu","10:18:36",282900
20,0.1,100,"bu","10:17:08",282800
20,0.1,400,"bu","10:14:25",282700
20,0.1,1900,"bu","10:14:06",282300
20,0.1,10000,"bu","10:13:29",280400
19.9,0,5000,"sd","10:11:56",270400
19.9,0,5000,"sd","10:11:43",265400
19.9,0,2000,"sd","10:08:21",260400
19.9,0,300,"sd","10:07:38",258400
19.9,0,2500,"sd","10:07:09",258100
19.9,0,2500,"sd","10:05:45",255600
19.9,0,200,"sd","10:05:42",253100
19.9,0,200,"bu","10:05:41",252900
19.9,0,3000,"bu","10:05:37",252700
19.9,0,9000,"bu","10:05:10",249700
19.9,0,5000,"bu","10:05:09",240700
19.9,0,100,"bu","10:04:49",235700
19.9,0,500,"bu","10:03:26",235600
19.9,0,7200,"sd","10:02:12",235100
19.9,0,100,"sd","10:00:31",227900
19.9,0,500,"bu","09:57:46",227800
19.9,0,500,"bu","09:57:44",227300
19.9,0,300,"bu","09:57:37",226800
19.9,0,1000,"bu","09:56:46",226500
19.9,0,400,"bu","09:56:27",225500
19.9,0,3500,"bu","09:56:10",225100
19.9,0,2100,"sd","09:54:02",221600
19.9,0,300,"sd","09:52:16",219500
19.9,0,1100,"bu","09:51:02",219200
19.9,0,500,"bu","09:50:51",218100
19.9,0,200,"bu","09:49:51",217600
19.9,0,100,"sd","09:49:19",217400
19.9,0,400,"sd","09:48:52",217300
19.9,0,4600,"bu","09:48:34",216900
19.9,0,300,"sd","09:48:28",212300
19.9,0,5000,"sd","09:48:10",212000
19.9,0,500,"sd","09:45:59",207000
19.9,0,1900,"sd","09:45:35",206500
19.9,0,500,"bu","09:45:07",204600
19.9,0,5000,"bu","09:44:59",204100
19.9,0,6000,"bu","09:44:42",199100
19.9,0,8900,"bu","09:44:17",193100
19.9,0,200,"sd","09:43:43",184200
19.9,0,13000,"sd","09:43:20",184000
19.9,0,8600,"sd","09:41:52",171000
19.9,0,20000,"sd","09:40:38",162400
19.9,0,1000,"sd","09:39:04",142400
20,0.1,50000,"bu","09:38:47",141400
19.9,0,1100,"sd","09:36:59",91400
19.9,0,300,"sd","09:34:00",90300
19.9,0,5100,"sd","09:33:55",90000
19.9,0,5000,"sd","09:33:27",84900
19.9,0,15000,"sd","09:31:39",79900
19.9,0,1500,"sd","09:29:17",64900
19.9,0,17100,"sd","09:27:49",63400
20,0.1,100,"bu","09:26:54",46300
20,0.1,300,"bu","09:25:03",46200
20,0.1,200,"bu","09:24:50",45900
20,0.1,600,"bu","09:24:38",45700
19.9,0,800,"sd","09:24:25",45100
20,0.1,300,"bu","09:23:53",44300
20,0.1,100,"bu","09:22:09",44000
20,0.1,1000,"bu","09:21:59",43900
20,0.1,1000,"bu","09:21:44",42900
20,0.1,2000,"bu","09:21:36",41900
20,0.1,600,"","09:20:56",39900
20,0.1,1400,"sd","09:19:57",39300
20,0.1,1600,"bu","09:19:53",37900
20,0.1,5000,"bu","09:18:05",36300
19.9,0,22000,"sd","09:17:15",31300
20,0.1,100,"bu","09:16:05",9300
20,0.1,100,"bu","09:15:58",9200
20,0.1,300,"bu","09:15:51",9100
20,0.1,500,"bu","09:15:35",8800
20,0.1,100,"bu","09:13:19",8300
20,0.1,6000,"bu","09:13:09",8200
20,0.1,100,"bu","09:12:27",2200
20,0.1,300,"bu","09:11:02",2100
20,0.1,100,"bu","09:08:19",1800
20,0.1,100,"bu","09:05:32",1700
20,0.1,100,"sd","09:05:30",1600
20,0.1,1000,"sd","09:03:23",1500
20,0.1,200,"sd","09:02:40",500
20,0.1,100,"sd","09:02:19",300
20,0.1,200,"sd","09:00:37",200
