"price","change","match_qtty","side","time","total_vol"
24.8,0.05,557900,"","14:45:01",7304300
24.9,0.15,200,"sd","14:29:58",6746400
24.9,0.15,1600,"bu","14:29:55",6746200
24.9,0.15,1000,"bu","14:29:53",6744600
24.9,0.15,100,"bu","14:29:49",6743600
24.9,0.15,7500,"bu","14:29:48",6743500
24.9,0.15,1000,"bu","14:29:48",6736000
24.9,0.15,1500,"bu","14:29:46",6735000
24.9,0.15,700,"bu","14:29:46",6733500
24.9,0.15,4700,"sd","14:29:42",6732800
24.9,0.15,100,"sd","14:29:40",6728100
24.9,0.15,500,"sd","14:29:36",6728000
24.9,0.15,1000,"sd","14:29:36",6727500
24.95,0.2,300,"bu","14:29:35",6726500
24.9,0.15,5000,"sd","14:29:33",6726200
24.95,0.2,200,"bu","14:29:31",6721200
24.9,0.15,2000,"sd","14:29:29",6721000
24.95,0.2,100,"bu","14:29:27",6719000
24.95,0.2,100,"bu","14:29:24",6718900
24.9,0.15,2700,"sd","14:29:24",6718800
24.95,0.2,100,"bu","14:29:21",6716100
24.9,0.15,5000,"sd","14:29:18",6716000
24.95,0.2,100,"bu","14:29:18",6711000
24.95,0.2,100,"bu","14:29:16",6710900
24.9,0.15,400,"sd","14:29:16",6710800
24.95,0.2,1400,"bu","14:29:15",6710400
24.95,0.2,1000,"bu","14:29:14",6709000
24.95,0.2,100,"bu","14:29:13",6708000
24.95,0.2,300,"bu","14:29:11",6707900
24.9,0.15,3200,"sd","14:29:11",6707600
24.95,0.2,100,"bu","14:29:10",6704400
24.9,0.15,50000,"sd","14:29:10",6704300
24.95,0.2,200,"bu","14:29:07",6654300
24.95,0.2,1100,"bu","14:29:04",6654100
24.9,0.15,2000,"sd","14:29:03",6653000
24.9,0.15,700,"sd","14:29:01",6651000
24.95,0.2,100,"bu","14:29:01",6650300
24.95,0.2,1200,"bu","14:29:00",6650200
24.95,0.2,100,"bu","14:28:58",6649000
24.95,0.2,200,"bu","14:28:55",6648900
24.95,0.2,100,"bu","14:28:53",6648700
24.95,0.2,100,"bu","14:28:50",6648600
24.95,0.2,100,"bu","14:28:47",6648500
24.95,0.2,1000,"bu","14:28:46",6648400
24.9,0.15,1000,"sd","14:28:45",6647400
24.95,0.2,200,"bu","14:28:44",6646400
24.9,0.15,100,"sd","14:28:43",6646200
24.95,0.2,100,"bu","14:28:41",6646100
24.95,0.2,100,"bu","14:28:38",6646000
24.95,0.2,100,"bu","14:28:35",6645900
24.95,0.2,200,"bu","14:28:32",6645800
24.95,0.2,100,"bu","14:28:29",6645600
24.95,0.2,4000,"bu","14:28:28",6645500
24.95,0.2,100,"bu","14:28:27",6641500
24.95,0.2,100,"bu","14:28:24",6641400
24.95,0.2,10000,"bu","14:28:23",6641300
24.95,0.2,200,"bu","14:28:21",6631300
24.95,0.2,100,"bu","14:28:18",6631100
24.95,0.2,100,"bu","14:28:15",6631000
24.95,0.2,100,"bu","14:28:12",6630900
24.95,0.2,200,"bu","14:28:09",6630800
24.95,0.2,100,"bu","14:28:06",6630600
24.95,0.2,100,"bu","14:28:04",6630500
24.95,0.2,100,"bu","14:28:01",6630400
24.9,0.15,5000,"sd","14:28:00",6630300
24.95,0.2,200,"bu","14:27:58",6625300
24.95,0.2,100,"bu","14:27:56",6625100
24.95,0.2,8500,"bu","14:27:55",6625000
24.95,0.2,100,"bu","14:27:52",6616500
24.95,0.2,200,"bu","14:27:51",6616400
24.95,0.2,2300,"bu","14:27:50",6616200
24.95,0.2,100,"bu","14:27:49",6613900
24.95,0.2,200,"bu","14:27:46",6613800
24.95,0.2,4600,"bu","14:27:43",6613600
24.95,0.2,100,"bu","14:27:40",6609000
24.95,0.2,100,"bu","14:27:38",6608900
24.95,0.2,8000,"bu","14:27:37",6608800
24.95,0.2,200,"bu","14:27:35",6600800
24.95,0.2,100,"bu","14:27:32",6600600
24.95,0.2,100,"bu","14:27:29",6600500
24.95,0.2,100,"bu","14:27:26",6600400
24.95,0.2,6900,"bu","14:27:24",6600300
24.95,0.2,200,"bu","14:27:23",6593400
24.95,0.2,100,"bu","14:27:20",6593200
24.95,0.2,100,"bu","14:27:17",6593100
24.9,0.15,3800,"bu","14:27:17",6593000
24.9,0.15,500,"bu","14:27:16",6589200
24.9,0.15,200,"bu","14:27:15",6588700
24.9,0.15,100,"bu","14:27:14",6588500
24.9,0.15,50000,"bu","14:27:14",6588400
24.9,0.15,2000,"bu","14:27:13",6538400
24.9,0.15,200,"bu","14:27:12",6536400
24.9,0.15,800,"bu","14:27:11",6536200
24.9,0.15,100,"bu","14:27:09",6535400
24.85,0.1,5000,"sd","14:27:08",6535300
24.9,0.15,200,"bu","14:27:08",6530300
24.9,0.15,300,"bu","14:27:07",6530100
24.9,0.15,100,"bu","14:27:06",6529800
24.9,0.15,100,"bu","14:27:03",6529700
24.9,0.15,20000,"bu","14:27:01",6529600
24.9,0.15,200,"bu","14:27:00",6509600
24.9,0.15,100,"bu","14:26:57",6509400
24.9,0.15,100,"bu","14:26:54",6509300
24.9,0.15,100,"bu","14:26:51",6509200
24.9,0.15,200,"bu","14:26:49",6509100
24.85,0.1,800,"sd","14:26:48",6508900
24.9,0.15,100,"bu","14:26:46",6508100
24.9,0.15,2400,"bu","14:26:43",6508000
24.9,0.15,500,"bu","14:26:42",6505600
24.9,0.15,100,"bu","14:26:40",6505100
24.9,0.15,200,"bu","14:26:37",6505000
24.9,0.15,50000,"bu","14:26:35",6504800
24.9,0.15,100,"bu","14:26:34",6454800
24.9,0.15,100,"bu","14:26:31",6454700
24.9,0.15,100,"bu","14:26:28",6454600
24.9,0.15,200,"bu","14:26:25",6454500
24.9,0.15,1100,"bu","14:26:23",6454300
24.9,0.15,100,"bu","14:26:20",6453200
24.9,0.15,100,"bu","14:26:17",6453100
24.9,0.15,200,"bu","14:26:14",6453000
24.9,0.15,100,"bu","14:26:11",6452800
24.9,0.15,100,"bu","14:26:08",6452700
24.9,0.15,300,"bu","14:26:06",6452600
24.9,0.15,200,"bu","14:26:02",6452300
24.9,0.15,100,"bu","14:26:00",6452100
24.9,0.15,100,"bu","14:25:57",6452000
24.9,0.15,100,"bu","14:25:54",6451900
24.9,0.15,200,"bu","14:25:52",6451800
24.9,0.15,100,"bu","14:25:48",6451600
24.85,0.1,200,"sd","14:25:46",6451500
24.9,0.15,100,"bu","14:25:45",6451300
24.9,0.15,100,"bu","14:25:45",6451200
24.9,0.15,100,"bu","14:25:42",6451100
24.9,0.15,200,"bu","14:25:39",6451000
24.9,0.15,100,"bu","14:25:36",6450800
24.9,0.15,100,"bu","14:25:34",6450700
24.9,0.15,100,"bu","14:25:31",6450600
24.9,0.15,200,"bu","14:25:28",6450500
24.9,0.15,100,"bu","14:25:25",6450300
24.9,0.15,100,"bu","14:25:22",6450200
24.9,0.15,100,"bu","14:25:19",6450100
24.9,0.15,200,"bu","14:25:16",6450000
24.9,0.15,1000,"bu","14:25:16",6449800
24.9,0.15,100,"bu","14:25:13",6448800
24.9,0.15,100,"bu","14:25:11",6448700
24.9,0.15,500,"bu","14:25:11",6448600
24.9,0.15,1900,"bu","14:25:09",6448100
24.9,0.15,100,"bu","14:25:08",6446200
24.9,0.15,200,"bu","14:25:05",6446100
24.9,0.15,3000,"bu","14:25:04",6445900
24.9,0.15,600,"bu","14:25:02",6442900
24.9,0.15,100,"bu","14:24:59",6442300
24.9,0.15,100,"bu","14:24:57",6442200
24.9,0.15,100,"bu","14:24:56",6442100
24.9,0.15,200,"bu","14:24:53",6442000
24.9,0.15,100,"bu","14:24:50",6441800
24.9,0.15,100,"bu","14:24:47",6441700
24.9,0.15,100,"bu","14:24:46",6441600
24.9,0.15,200,"bu","14:24:42",6441500
24.9,0.15,2000,"bu","14:24:41",6441300
24.9,0.15,100,"bu","14:24:39",6439300
24.9,0.15,100,"bu","14:24:36",6439200
24.9,0.15,100,"bu","14:24:33",6439100
24.9,0.15,7000,"bu","14:24:31",6439000
24.9,0.15,200,"bu","14:24:30",6432000
24.9,0.15,100,"bu","14:24:27",6431800
24.9,0.15,100,"bu","14:24:24",6431700
24.9,0.15,100,"bu","14:24:22",6431600
24.85,0.1,1000,"sd","14:24:22",6431500
24.9,0.15,2800,"bu","14:24:22",6430500
24.9,0.15,200,"bu","14:24:19",6427700
24.85,0.1,2000,"sd","14:24:19",6427500
24.9,0.15,100,"bu","14:24:16",6425500
24.9,0.15,100,"bu","14:24:13",6425400
24.9,0.15,100,"bu","14:24:10",6425300
24.9,0.15,200,"bu","14:24:07",6425200
24.9,0.15,100,"bu","14:24:04",6425000
24.9,0.15,100,"bu","14:24:01",6424900
24.9,0.15,100,"bu","14:23:58",6424800
24.9,0.15,200,"bu","14:23:56",6424700
24.9,0.15,100,"bu","14:23:53",6424500
24.9,0.15,100,"bu","14:23:50",6424400
24.9,0.15,100,"bu","14:23:47",6424300
24.85,0.1,200,"sd","14:23:47",6424200
24.9,0.15,200,"bu","14:23:44",6424000
24.85,0.1,8600,"bu","14:23:43",6423800
24.85,0.1,200,"bu","14:23:41",6415200
24.85,0.1,100,"bu","14:23:39",6415000
24.85,0.1,2000,"bu","14:23:38",6414900
24.85,0.1,100,"bu","14:23:36",6412900
24.85,0.1,200,"bu","14:23:33",6412800
24.85,0.1,2000,"bu","14:23:32",6412600
24.85,0.1,100,"bu","14:23:30",6410600
24.85,0.1,100,"bu","14:23:28",6410500
24.85,0.1,1200,"bu","14:23:25",6410400
24.85,0.1,100,"bu","14:23:24",6409200
24.85,0.1,5300,"bu","14:23:21",6409100
24.85,0.1,11900,"bu","14:23:19",6403800
24.85,0.1,100,"bu","14:23:18",6391900
24.85,0.1,31000,"bu","14:23:16",6391800
24.85,0.1,100,"bu","14:23:15",6360800
24.85,0.1,200,"bu","14:23:13",6360700
24.85,0.1,100,"bu","14:23:12",6360500
24.85,0.1,200,"bu","14:23:09",6360400
24.8,0.05,900,"sd","14:23:08",6360200
24.85,0.1,100,"bu","14:23:07",6359300
24.85,0.1,100,"bu","14:23:04",6359200
24.85,0.1,100,"bu","14:23:01",6359100
24.85,0.1,200,"bu","14:22:58",6359000
24.85,0.1,100,"bu","14:22:55",6358800
24.85,0.1,100,"bu","14:22:55",6358700
24.85,0.1,100,"bu","14:22:52",6358600
24.85,0.1,100,"bu","14:22:49",6358500
24.85,0.1,200,"bu","14:22:46",6358400
24.85,0.1,500,"bu","14:22:44",6358200
24.85,0.1,100,"bu","14:22:43",6357700
24.85,0.1,100,"bu","14:22:41",6357600
24.85,0.1,100,"bu","14:22:38",6357500
24.85,0.1,5000,"bu","14:22:37",6357400
24.85,0.1,200,"bu","14:22:35",6352400
24.85,0.1,3000,"bu","14:22:35",6352200
24.85,0.1,5000,"bu","14:22:34",6349200
24.85,0.1,100,"bu","14:22:32",6344200
24.85,0.1,100,"bu","14:22:29",6344100
24.85,0.1,100,"bu","14:22:26",6344000
24.85,0.1,200,"bu","14:22:23",6343900
24.85,0.1,100,"bu","14:22:20",6343700
24.85,0.1,100,"bu","14:22:18",6343600
24.85,0.1,100,"bu","14:22:15",6343500
24.85,0.1,1000,"bu","14:22:15",6343400
24.85,0.1,200,"bu","14:22:12",6342400
24.85,0.1,100,"bu","14:22:09",6342200
24.85,0.1,100,"bu","14:22:06",6342100
24.85,0.1,100,"bu","14:22:03",6342000
24.85,0.1,9800,"bu","14:22:01",6341900
24.85,0.1,200,"bu","14:22:00",6332100
24.85,0.1,100,"bu","14:21:57",6331900
24.85,0.1,100,"bu","14:21:54",6331800
24.85,0.1,1100,"bu","14:21:52",6331700
24.85,0.1,200,"bu","14:21:49",6330600
24.85,0.1,5000,"bu","14:21:48",6330400
24.85,0.1,100,"bu","14:21:46",6325400
24.85,0.1,100,"bu","14:21:43",6325300
24.85,0.1,100,"bu","14:21:40",6325200
24.85,0.1,200,"bu","14:21:37",6325100
24.85,0.1,100,"bu","14:21:34",6324900
24.8,0.05,27600,"bu","14:21:32",6324800
24.8,0.05,3200,"bu","14:21:31",6297200
24.8,0.05,100,"bu","14:21:31",6294000
24.8,0.05,100,"bu","14:21:29",6293900
24.8,0.05,200,"bu","14:21:27",6293800
24.8,0.05,5000,"bu","14:21:25",6293600
24.8,0.05,100,"bu","14:21:23",6288600
24.8,0.05,100,"bu","14:21:20",6288500
24.8,0.05,100,"bu","14:21:17",6288400
24.8,0.05,1900,"bu","14:21:16",6288300
24.8,0.05,200,"bu","14:21:14",6286400
24.8,0.05,100,"bu","14:21:11",6286200
24.8,0.05,100,"bu","14:21:08",6286100
24.8,0.05,100,"bu","14:21:05",6286000
24.8,0.05,200,"bu","14:21:03",6285900
24.8,0.05,300,"bu","14:21:02",6285700
24.8,0.05,100,"bu","14:21:00",6285400
24.8,0.05,100,"bu","14:20:57",6285300
24.8,0.05,5000,"bu","14:20:57",6285200
24.8,0.05,200,"bu","14:20:54",6280200
24.8,0.05,100,"bu","14:20:51",6280000
24.75,0,700,"sd","14:20:49",6279900
24.8,0.05,100,"bu","14:20:46",6279100
24.8,0.05,100,"bu","14:20:45",6279000
24.8,0.05,200,"bu","14:20:42",6278900
24.8,0.05,100,"bu","14:20:40",6278700
24.8,0.05,100,"bu","14:20:37",6278600
24.8,0.05,100,"bu","14:20:34",6278500
24.8,0.05,200,"bu","14:20:31",6278400
24.8,0.05,100,"bu","14:20:28",6278200
24.8,0.05,100,"bu","14:20:25",6278100
24.8,0.05,100,"bu","14:20:22",6278000
24.8,0.05,200,"bu","14:20:19",6277900
24.8,0.05,100,"bu","14:20:16",6277700
24.8,0.05,100,"bu","14:20:14",6277600
24.8,0.05,100,"bu","14:20:11",6277500
24.8,0.05,200,"bu","14:20:10",6277400
24.8,0.05,1000,"bu","14:20:09",6277200
24.8,0.05,100,"bu","14:20:05",6276200
24.8,0.05,1000,"bu","14:20:04",6276100
24.8,0.05,100,"bu","14:20:02",6275100
24.8,0.05,100,"bu","14:19:59",6275000
24.8,0.05,300,"bu","14:19:56",6274900
24.8,0.05,100,"bu","14:19:53",6274600
24.8,0.05,100,"bu","14:19:51",6274500
24.8,0.05,100,"bu","14:19:48",6274400
24.8,0.05,200,"bu","14:19:45",6274300
24.8,0.05,100,"bu","14:19:42",6274100
24.8,0.05,100,"bu","14:19:39",6274000
24.8,0.05,100,"bu","14:19:36",6273900
24.8,0.05,200,"bu","14:19:33",6273800
24.8,0.05,100,"bu","14:19:30",6273600
24.8,0.05,100,"bu","14:19:27",6273500
24.8,0.05,6100,"bu","14:19:25",6273400
24.8,0.05,200,"bu","14:19:23",6267300
24.8,0.05,900,"sd","14:19:20",6267100
24.85,0.1,100,"bu","14:19:19",6266200
24.85,0.1,100,"bu","14:19:16",6266100
24.85,0.1,100,"bu","14:19:13",6266000
24.85,0.1,200,"bu","14:19:11",6265900
24.85,0.1,100,"bu","14:19:07",6265700
24.85,0.1,100,"bu","14:19:04",6265600
24.85,0.1,100,"bu","14:19:02",6265500
24.8,0.05,300,"sd","14:19:01",6265400
24.85,0.1,200,"bu","14:18:59",6265100
24.8,0.05,3300,"sd","14:18:58",6264900
24.85,0.1,100,"bu","14:18:56",6261600
24.85,0.1,100,"bu","14:18:53",6261500
24.85,0.1,100,"bu","14:18:50",6261400
24.8,0.05,3000,"sd","14:18:48",6261300
24.85,0.1,200,"bu","14:18:47",6258300
24.8,0.05,100,"sd","14:18:46",6258100
24.85,0.1,100,"bu","14:18:44",6258000
24.85,0.1,100,"bu","14:18:41",6257900
24.85,0.1,100,"bu","14:18:38",6257800
24.85,0.1,200,"bu","14:18:36",6257700
24.85,0.1,600,"bu","14:18:35",6257500
24.85,0.1,100,"bu","14:18:33",6256900
24.85,0.1,100,"bu","14:18:31",6256800
24.8,0.05,3200,"sd","14:18:30",6256700
24.85,0.1,100,"bu","14:18:27",6253500
24.85,0.1,200,"bu","14:18:24",6253400
24.85,0.1,100,"bu","14:18:21",6253200
24.8,0.05,2000,"sd","14:18:19",6253100
24.85,0.1,100,"bu","14:18:18",6251100
24.85,0.1,100,"bu","14:18:15",6251000
24.8,0.05,600,"sd","14:18:15",6250900
24.85,0.1,200,"bu","14:18:12",6250300
24.85,0.1,100,"bu","14:18:10",6250100
24.85,0.1,100,"bu","14:18:07",6250000
24.85,0.1,100,"bu","14:18:04",6249900
24.85,0.1,200,"bu","14:18:01",6249800
24.85,0.1,100,"bu","14:17:58",6249600
24.85,0.1,100,"bu","14:17:55",6249500
24.85,0.1,100,"bu","14:17:52",6249400
24.85,0.1,200,"bu","14:17:49",6249300
24.85,0.1,100,"bu","14:17:47",6249100
24.85,0.1,100,"bu","14:17:44",6249000
24.8,0.05,1400,"sd","14:17:44",6248900
24.85,0.1,100,"bu","14:17:41",6247500
24.8,0.05,100,"sd","14:17:39",6247400
24.85,0.1,200,"bu","14:17:38",6247300
24.85,0.1,100,"bu","14:17:35",6247100
24.85,0.1,100,"bu","14:17:32",6247000
24.8,0.05,200,"sd","14:17:32",6246900
24.8,0.05,38500,"bu","14:17:31",6246700
24.8,0.05,100,"bu","14:17:29",6208200
24.8,0.05,200,"bu","14:17:26",6208100
24.8,0.05,400,"bu","14:17:25",6207900
24.8,0.05,100,"bu","14:17:23",6207500
24.8,0.05,100,"bu","14:17:21",6207400
24.8,0.05,100,"bu","14:17:18",6207300
24.8,0.05,200,"bu","14:17:15",6207200
24.8,0.05,100,"bu","14:17:12",6207000
24.8,0.05,100,"bu","14:17:09",6206900
24.8,0.05,100,"bu","14:17:06",6206800
24.8,0.05,200,"bu","14:17:03",6206700
24.8,0.05,100,"bu","14:17:00",6206500
24.8,0.05,1200,"bu","14:17:00",6206400
24.8,0.05,100,"bu","14:16:58",6205200
24.8,0.05,100,"bu","14:16:57",6205100
24.8,0.05,100,"bu","14:16:55",6205000
24.8,0.05,200,"bu","14:16:52",6204900
24.8,0.05,1100,"sd","14:16:49",6204700
24.85,0.1,100,"bu","14:16:49",6203600
24.8,0.05,2000,"sd","14:16:47",6203500
24.85,0.1,100,"bu","14:16:46",6201500
24.85,0.1,100,"bu","14:16:43",6201400
24.8,0.05,16900,"bu","14:16:42",6201300
24.8,0.05,200,"bu","14:16:40",6184400
24.8,0.05,100,"bu","14:16:37",6184200
24.8,0.05,100,"bu","14:16:34",6184100
24.8,0.05,100,"bu","14:16:32",6184000
24.8,0.05,200,"bu","14:16:29",6183900
24.8,0.05,100,"bu","14:16:26",6183700
24.8,0.05,100,"bu","14:16:23",6183600
24.8,0.05,100,"bu","14:16:20",6183500
24.8,0.05,2200,"bu","14:16:17",6183400
24.8,0.05,100,"bu","14:16:14",6181200
24.8,0.05,100,"bu","14:16:11",6181100
24.8,0.05,2900,"sd","14:16:09",6181000
24.85,0.1,100,"bu","14:16:09",6178100
24.8,0.05,10000,"sd","14:16:09",6178000
24.8,0.05,10000,"sd","14:16:08",6168000
24.85,0.1,200,"bu","14:16:06",6158000
24.8,0.05,20000,"sd","14:16:04",6157800
24.85,0.1,100,"bu","14:16:03",6137800
24.85,0.1,100,"bu","14:16:00",6137700
24.85,0.1,100,"bu","14:15:57",6137600
24.85,0.1,200,"bu","14:15:54",6137500
24.85,0.1,100,"bu","14:15:51",6137300
24.8,0.05,15100,"sd","14:15:50",6137200
24.85,0.1,100,"bu","14:15:48",6122100
24.85,0.1,100,"bu","14:15:45",6122000
24.85,0.1,200,"bu","14:15:43",6121900
24.85,0.1,100,"bu","14:15:40",6121700
24.85,0.1,100,"bu","14:15:37",6121600
24.85,0.1,100,"bu","14:15:34",6121500
24.8,0.05,10000,"sd","14:15:31",6121400
24.85,0.1,200,"bu","14:15:31",6111400
24.85,0.1,100,"bu","14:15:29",6111200
24.85,0.1,100,"bu","14:15:25",6111100
24.85,0.1,100,"bu","14:15:22",6111000
24.85,0.1,200,"bu","14:15:20",6110900
24.85,0.1,100,"bu","14:15:17",6110700
24.85,0.1,100,"bu","14:15:14",6110600
24.8,0.05,2000,"sd","14:15:12",6110500
24.85,0.1,100,"bu","14:15:11",6108500
24.85,0.1,200,"bu","14:15:08",6108400
24.85,0.1,100,"bu","14:15:05",6108200
24.8,0.05,56000,"bu","14:15:05",6108100
24.8,0.05,100,"bu","14:15:02",6052100
24.8,0.05,100,"bu","14:14:59",6052000
24.8,0.05,200,"bu","14:14:56",6051900
24.8,0.05,100,"bu","14:14:54",6051700
24.8,0.05,100,"bu","14:14:51",6051600
24.75,0,2000,"sd","14:14:51",6051500
24.8,0.05,100,"bu","14:14:48",6049500
24.8,0.05,200,"bu","14:14:45",6049400
24.8,0.05,100,"bu","14:14:42",6049200
24.8,0.05,100,"bu","14:14:39",6049100
24.8,0.05,100,"bu","14:14:36",6049000
24.8,0.05,200,"bu","14:14:33",6048900
24.8,0.05,100,"bu","14:14:31",6048700
24.75,0,2000,"sd","14:14:31",6048600
24.8,0.05,100,"bu","14:14:28",6046600
24.75,0,5000,"sd","14:14:26",6046500
24.8,0.05,100,"bu","14:14:25",6041500
24.8,0.05,200,"bu","14:14:22",6041400
24.8,0.05,100,"bu","14:14:19",6041200
24.8,0.05,100,"bu","14:14:16",6041100
24.75,0,1000,"sd","14:14:16",6041000
24.8,0.05,100,"bu","14:14:13",6040000
24.75,0,2000,"sd","14:14:12",6039900
24.8,0.05,200,"bu","14:14:10",6037900
24.8,0.05,100,"bu","14:14:07",6037700
24.8,0.05,100,"bu","14:14:05",6037600
24.8,0.05,100,"bu","14:14:03",6037500
24.8,0.05,200,"bu","14:13:59",6037400
24.8,0.05,100,"bu","14:13:56",6037200
24.8,0.05,100,"bu","14:13:53",6037100
24.8,0.05,100,"bu","14:13:50",6037000
24.8,0.05,1000,"bu","14:13:48",6036900
24.8,0.05,200,"bu","14:13:47",6035900
24.8,0.05,100,"bu","14:13:44",6035700
24.8,0.05,100,"bu","14:13:41",6035600
24.8,0.05,100,"bu","14:13:39",6035500
24.8,0.05,200,"bu","14:13:36",6035400
24.8,0.05,100,"bu","14:13:33",6035200
24.8,0.05,100,"bu","14:13:30",6035100
24.8,0.05,100,"bu","14:13:27",6035000
24.75,0,1000,"sd","14:13:25",6034900
24.8,0.05,200,"bu","14:13:24",6033900
24.8,0.05,100,"bu","14:13:21",6033700
24.8,0.05,100,"bu","14:13:18",6033600
24.8,0.05,100,"bu","14:13:16",6033500
24.8,0.05,200,"bu","14:13:13",6033400
24.8,0.05,100,"bu","14:13:10",6033200
24.8,0.05,100,"bu","14:13:07",6033100
24.8,0.05,100,"bu","14:13:04",6033000
24.8,0.05,200,"bu","14:13:01",6032900
24.8,0.05,100,"bu","14:12:58",6032700
24.8,0.05,100,"bu","14:12:55",6032600
24.8,0.05,100,"bu","14:12:52",6032500
24.8,0.05,200,"bu","14:12:50",6032400
24.75,0,500,"sd","14:12:50",6032200
24.75,0,1500,"sd","14:12:49",6031700
24.8,0.05,100,"bu","14:12:47",6030200
24.8,0.05,100,"bu","14:12:44",6030100
24.75,0,5000,"sd","14:12:42",6030000
24.8,0.05,100,"bu","14:12:41",6025000
24.8,0.05,2000,"bu","14:12:39",6024900
24.8,0.05,200,"bu","14:12:38",6022900
24.8,0.05,100,"bu","14:12:35",6022700
24.8,0.05,100,"bu","14:12:32",6022600
24.8,0.05,100,"bu","14:12:29",6022500
24.8,0.05,18700,"sd","14:12:27",6022400
24.85,0.1,50000,"bu","14:12:26",6003700
24.85,0.1,200,"bu","14:12:25",5953700
24.85,0.1,100,"bu","14:12:21",5953500
24.8,0.05,10000,"sd","14:12:20",5953400
24.85,0.1,100,"bu","14:12:18",5943400
24.85,0.1,100,"bu","14:12:15",5943300
24.8,0.05,500,"sd","14:12:13",5943200
24.8,0.05,100,"sd","14:12:08",5942700
24.8,0.05,200,"sd","14:11:49",5942600
24.8,0.05,800,"sd","14:11:39",5942400
24.85,0.1,100,"bu","14:11:36",5941600
24.85,0.1,1500,"bu","14:11:25",5941500
24.85,0.1,500,"bu","14:10:57",5940000
24.8,0.05,1000,"sd","14:10:54",5939500
24.8,0.05,100,"sd","14:10:42",5938500
24.8,0.05,100,"bu","14:10:36",5938400
24.8,0.05,25000,"bu","14:10:04",5938300
24.8,0.05,1500,"bu","14:09:59",5913300
24.8,0.05,11000,"sd","14:09:41",5911800
24.8,0.05,200,"sd","14:09:35",5900800
24.8,0.05,200,"sd","14:09:34",5900600
24.8,0.05,500,"sd","14:09:30",5900400
24.8,0.05,15100,"bu","14:09:19",5899900
24.8,0.05,1500,"bu","14:09:15",5884800
24.8,0.05,20000,"bu","14:09:10",5883300
24.8,0.05,2000,"bu","14:08:53",5863300
24.75,0,600,"sd","14:08:52",5861300
24.8,0.05,300,"bu","14:08:44",5860700
24.75,0,1500,"sd","14:08:41",5860400
24.8,0.05,15000,"bu","14:08:41",5858900
24.75,0,1000,"sd","14:08:07",5843900
24.75,0,1000,"sd","14:07:58",5842900
24.75,0,4200,"sd","14:07:38",5841900
24.75,0,9900,"bu","14:07:29",5837700
24.75,0,1000,"bu","14:07:09",5827800
24.75,0,100,"bu","14:07:08",5826800
24.75,0,1500,"bu","14:07:05",5826700
24.75,0,500,"bu","14:06:58",5825200
24.75,0,6000,"bu","14:06:40",5824700
24.75,0,100,"bu","14:06:37",5818700
24.75,0,500,"bu","14:06:27",5818600
24.75,0,100,"bu","14:06:25",5818100
24.75,0,1500,"bu","14:06:22",5818000
24.75,0,1000,"bu","14:06:19",5816500
24.75,0,5000,"bu","14:06:06",5815500
24.75,0,72800,"sd","14:06:03",5810500
24.8,0.05,10000,"bu","14:05:48",5737700
24.8,0.05,1000,"bu","14:05:39",5727700
24.8,0.05,1500,"bu","14:05:38",5726700
24.8,0.05,500,"bu","14:05:20",5725200
24.8,0.05,10000,"bu","14:05:06",5724700
24.8,0.05,2000,"bu","14:04:57",5714700
24.8,0.05,1500,"bu","14:04:55",5712700
24.8,0.05,11200,"sd","14:04:51",5711200
24.8,0.05,8900,"bu","14:04:39",5700000
24.8,0.05,5100,"bu","14:04:38",5691100
24.8,0.05,4000,"bu","14:04:28",5686000
24.8,0.05,100,"bu","14:04:22",5682000
24.8,0.05,1500,"bu","14:04:12",5681900
24.8,0.05,2100,"sd","14:04:09",5680400
24.8,0.05,2000,"bu","14:04:02",5678300
24.8,0.05,900,"bu","14:04:01",5676300
24.8,0.05,200,"bu","14:03:57",5675400
24.8,0.05,100,"bu","14:03:46",5675200
24.8,0.05,200,"bu","14:03:45",5675100
24.8,0.05,17000,"bu","14:03:45",5674800
24.8,0.05,100,"bu","14:03:34",5657800
24.8,0.05,1500,"bu","14:03:28",5657700
24.8,0.05,400,"bu","14:03:28",5656200
24.8,0.05,10000,"bu","14:03:10",5655800
24.75,0,2900,"sd","14:03:06",5645800
24.75,0,2600,"sd","14:03:05",5642900
24.8,0.05,98100,"bu","14:03:05",5640300
24.75,0,1000,"sd","14:02:59",5542200
24.8,0.05,400,"bu","14:02:48",5541200
24.8,0.05,1500,"bu","14:02:46",5540800
24.8,0.05,2000,"bu","14:02:38",5539300
24.8,0.05,50000,"bu","14:02:31",5537300
24.75,0,6000,"sd","14:02:19",5487300
24.8,0.05,4000,"bu","14:02:17",5481300
24.8,0.05,500,"bu","14:02:17",5477300
24.8,0.05,2400,"bu","14:02:07",5476800
24.75,0,3000,"sd","14:01:55",5474400
24.8,0.05,500,"bu","14:01:54",5471400
24.8,0.05,1500,"bu","14:01:18",5470900
24.8,0.05,900,"bu","14:01:16",5469400
24.8,0.05,100,"bu","14:01:09",5468500
24.75,0,500,"sd","14:00:56",5468400
24.75,0,5000,"sd","14:00:45",5467900
24.75,0,2200,"sd","14:00:15",5462900
24.8,0.05,2000,"bu","13:59:51",5460700
24.8,0.05,500,"bu","13:59:47",5458700
24.8,0.05,200,"bu","13:59:44",5458200
24.8,0.05,100,"bu","13:59:38",5458000
24.75,0,2500,"sd","13:59:24",5452900
24.8,0.05,600,"bu","13:59:11",5450400
24.75,0,500,"sd","13:59:07",5449800
24.75,0,200,"bu","13:58:58",5449300
24.75,0,300,"bu","13:58:56",5449100
24.75,0,1000,"bu","13:58:51",5448800
24.75,0,2000,"bu","13:58:49",5447800
24.75,0,2100,"bu","13:58:47",5445800
24.75,0,50000,"bu","13:58:39",5443700
24.7,-0.05,2300,"sd","13:58:11",5393700
24.7,-0.05,100,"sd","13:58:07",5391400
24.7,-0.05,2000,"sd","13:57:49",5391300
24.7,-0.05,3000,"sd","13:57:42",5389300
24.7,-0.05,2200,"sd","13:57:33",5386300
24.7,-0.05,2000,"sd","13:57:18",5384100
24.7,-0.05,2500,"sd","13:57:13",5382100
24.7,-0.05,800,"bu","13:57:10",5379600
24.65,-0.1,900,"sd","13:56:54",5378800
24.7,-0.05,1200,"sd","13:56:54",5377900
24.7,-0.05,300,"bu","13:56:53",5376700
24.7,-0.05,27000,"bu","13:56:43",5376400
24.65,-0.1,3000,"sd","13:56:29",5349400
24.7,-0.05,300,"bu","13:56:27",5346400
24.65,-0.1,2000,"sd","13:56:20",5346100
24.65,-0.1,700,"sd","13:56:19",5344100
24.7,-0.05,1500,"bu","13:56:14",5343400
24.7,-0.05,100,"bu","13:55:59",5341900
24.7,-0.05,200,"bu","13:55:52",5341800
24.65,-0.1,15600,"bu","13:55:46",5341600
24.6,-0.15,2600,"sd","13:55:46",5326000
24.65,-0.1,200,"bu","13:55:43",5323400
24.65,-0.1,1000,"bu","13:55:43",5323200
24.65,-0.1,1500,"bu","13:55:31",5322200
24.65,-0.1,36700,"sd","13:55:28",5320700
24.65,-0.1,400,"sd","13:55:21",5284000
24.65,-0.1,2100,"sd","13:55:03",5283600
24.7,-0.05,5000,"bu","13:55:02",5281500
24.65,-0.1,300,"sd","13:54:59",5276500
24.65,-0.1,1000,"sd","13:54:45",5276200
24.65,-0.1,2000,"sd","13:54:26",5275200
24.65,-0.1,2500,"sd","13:54:18",5273200
24.65,-0.1,1700,"sd","13:54:10",5270700
24.65,-0.1,100,"sd","13:54:09",5269000
24.65,-0.1,300,"sd","13:54:01",5268900
24.65,-0.1,100,"sd","13:53:56",5268600
24.65,-0.1,2200,"sd","13:53:54",5268500
24.65,-0.1,1200,"bu","13:53:32",5266300
24.65,-0.1,300,"bu","13:53:30",5265100
24.65,-0.1,500,"bu","13:53:29",5264800
24.65,-0.1,1000,"bu","13:53:26",5264300
24.65,-0.1,5000,"bu","13:53:25",5263300
24.65,-0.1,2000,"sd","13:53:22",5258300
24.65,-0.1,102100,"sd","13:53:16",5256300
24.7,-0.05,100,"bu","13:53:14",5154200
24.7,-0.05,100,"bu","13:53:06",5154100
24.7,-0.05,700,"bu","13:53:00",5154000
24.65,-0.1,2000,"sd","13:52:41",5153300
24.65,-0.1,500,"sd","13:52:24",5151300
24.65,-0.1,3500,"sd","13:52:11",5150800
24.65,-0.1,2000,"sd","13:52:07",5147300
24.7,-0.05,200,"bu","13:52:00",5145300
24.7,-0.05,9200,"sd","13:51:58",5145100
24.7,-0.05,2100,"sd","13:51:34",5135900
24.75,0,2000,"bu","13:51:26",5133800
24.75,0,1000,"sd","13:51:11",5131800
24.8,0.05,1500,"bu","13:51:11",5130800
24.8,0.05,100,"bu","13:51:01",5129300
24.75,0,2000,"sd","13:51:01",5129200
24.75,0,3000,"sd","13:50:53",5127200
24.7,-0.05,2100,"bu","13:50:41",5124200
24.7,-0.05,500,"bu","13:50:38",5122100
24.65,-0.1,2400,"sd","13:50:26",5121600
24.8,0.05,14900,"bu","13:50:23",5119200
24.75,0,32300,"bu","13:50:23",5104300
24.7,-0.05,2800,"bu","13:50:23",5072000
24.7,-0.05,100,"bu","13:50:21",5069200
24.65,-0.1,100,"sd","13:50:18",5069100
24.65,-0.1,2000,"sd","13:50:08",5069000
24.7,-0.05,500,"bu","13:50:04",5067000
24.7,-0.05,200,"bu","13:49:46",5066500
24.7,-0.05,100,"bu","13:49:46",5066300
24.7,-0.05,1500,"bu","13:49:44",5066200
24.7,-0.05,5100,"bu","13:49:36",5064700
24.7,-0.05,500,"bu","13:49:28",5059600
24.65,-0.1,25000,"sd","13:49:23",5057100
24.65,-0.1,1500,"sd","13:49:20",5032100
24.65,-0.1,100,"sd","13:49:13",5030600
24.65,-0.1,2000,"sd","13:49:10",5030500
24.65,-0.1,2200,"sd","13:49:04",5028500
24.65,-0.1,1000,"sd","13:48:35",5026300
24.65,-0.1,1000,"sd","13:48:34",5025300
24.65,-0.1,2000,"sd","13:48:31",5024300
24.65,-0.1,500,"sd","13:48:24",5022300
24.65,-0.1,2200,"sd","13:47:59",5021800
24.7,-0.05,200,"bu","13:47:52",5019400
24.7,-0.05,500,"bu","13:47:52",5019200
24.7,-0.05,200,"bu","13:47:51",5018700
24.7,-0.05,100,"bu","13:47:50",5018500
24.7,-0.05,600,"bu","13:47:48",5018400
24.7,-0.05,200,"bu","13:47:44",5017800
24.7,-0.05,1500,"bu","13:47:34",5017600
24.7,-0.05,100,"bu","13:47:32",5016100
24.7,-0.05,3200,"sd","13:47:26",5016000
24.7,-0.05,2300,"sd","13:47:21",5012800
24.7,-0.05,500,"sd","13:47:18",5010500
24.7,-0.05,4000,"sd","13:47:16",5010000
24.7,-0.05,400,"bu","13:47:04",5006000
24.7,-0.05,32000,"bu","13:46:53",5005600
24.65,-0.1,2200,"sd","13:46:43",4973600
24.7,-0.05,1000,"bu","13:46:32",4971400
24.7,-0.05,600,"bu","13:46:14",4970400
24.7,-0.05,25000,"sd","13:46:12",4969800
24.7,-0.05,61400,"sd","13:46:08",4944800
24.7,-0.05,2000,"sd","13:46:07",4883400
24.7,-0.05,1000,"sd","13:46:05",4881400
24.7,-0.05,30000,"sd","13:45:45",4880400
24.75,0,2000,"bu","13:45:45",4850400
24.7,-0.05,2300,"sd","13:45:33",4848400
24.75,0,200,"bu","13:45:32",4846100
24.7,-0.05,3000,"sd","13:45:30",4845900
24.7,-0.05,5000,"sd","13:45:03",4842900
24.7,-0.05,1900,"sd","13:44:54",4837900
24.7,-0.05,2300,"sd","13:44:32",4836000
24.7,-0.05,2200,"sd","13:44:21",4833700
24.7,-0.05,100,"sd","13:43:56",4831500
24.7,-0.05,2100,"sd","13:43:45",4831400
24.75,0,6000,"bu","13:43:35",4829300
24.7,-0.05,2200,"sd","13:43:09",4823300
24.7,-0.05,5000,"sd","13:42:55",4821100
24.7,-0.05,2300,"sd","13:42:33",4816100
24.7,-0.05,3000,"sd","13:42:18",4813800
24.7,-0.05,1000,"sd","13:42:03",4810800
24.7,-0.05,2000,"sd","13:41:54",4809800
24.7,-0.05,800,"sd","13:41:49",4807800
24.75,0,1500,"bu","13:41:47",4807000
24.75,0,500,"bu","13:41:46",4805500
24.75,0,100,"bu","13:41:25",4804600
24.7,-0.05,2200,"sd","13:41:21",4804500
24.75,0,100,"bu","13:41:05",4802300
24.7,-0.05,2300,"sd","13:40:44",4802200
24.75,0,600,"bu","13:40:31",4799900
24.75,0,1500,"bu","13:40:20",4799300
24.75,0,600,"bu","13:40:06",4797800
24.7,-0.05,2100,"sd","13:40:05",4797200
24.75,0,500,"bu","13:40:04",4795100
24.7,-0.05,2100,"sd","13:39:30",4794600
24.7,-0.05,5000,"sd","13:39:14",4792500
24.75,0,2400,"bu","13:39:09",4787500
24.7,-0.05,2100,"sd","13:38:54",4785100
24.75,0,1500,"bu","13:38:53",4783000
24.75,0,100,"bu","13:38:52",4781500
24.75,0,800,"bu","13:38:39",4781400
24.7,-0.05,2200,"sd","13:38:20",4780600
24.75,0,1500,"bu","13:38:10",4778400
24.75,0,100,"bu","13:38:03",4776900
24.75,0,500,"bu","13:37:43",4776800
24.7,-0.05,2300,"sd","13:37:42",4776300
24.7,-0.05,2000,"sd","13:37:34",4774000
24.7,-0.05,2400,"sd","13:37:03",4772000
24.75,0,500,"bu","13:36:46",4769600
24.75,0,1500,"bu","13:36:43",4769100
24.75,0,4100,"bu","13:36:10",4767600
24.75,0,2500,"bu","13:36:00",4763500
24.75,0,9400,"sd","13:35:47",4761000
24.75,0,33700,"bu","13:35:31",4751600
24.75,0,300,"bu","13:35:17",4717900
24.7,-0.05,2000,"sd","13:35:14",4717600
24.75,0,500,"bu","13:35:09",4715600
24.75,0,100,"bu","13:34:54",4715100
24.7,-0.05,2400,"sd","13:34:40",4715000
24.75,0,1500,"bu","13:34:33",4712600
24.75,0,500,"bu","13:34:21",4711100
24.75,0,300,"bu","13:34:18",4710600
24.75,0,13600,"sd","13:34:15",4710300
24.75,0,1000,"sd","13:34:05",4696700
24.75,0,2300,"sd","13:34:00",4695700
24.75,0,400,"sd","13:33:59",4693400
24.75,0,500,"sd","13:33:44",4693000
24.75,0,2200,"bu","13:33:39",4692500
24.7,-0.05,200,"sd","13:33:37",4690300
24.75,0,1000,"bu","13:33:31",4690100
24.75,0,7300,"sd","13:33:23",4689100
24.75,0,2600,"sd","13:33:23",4681800
24.75,0,1500,"sd","13:33:07",4679200
24.75,0,500,"sd","13:33:04",4677700
24.75,0,100,"sd","13:32:58",4677200
24.75,0,1200,"bu","13:32:43",4677100
24.75,0,900,"bu","13:32:39",4675900
24.75,0,300,"bu","13:32:37",4675000
24.75,0,300,"bu","13:32:35",4674700
24.75,0,2200,"bu","13:32:31",4674400
24.75,0,1500,"bu","13:32:23",4672200
24.75,0,1000,"bu","13:32:22",4670700
24.75,0,100,"bu","13:32:16",4669700
24.75,0,500,"bu","13:32:14",4669600
24.75,0,2000,"bu","13:32:10",4669100
24.75,0,1500,"bu","13:31:39",4667100
24.75,0,2600,"bu","13:31:39",4665600
24.7,-0.05,2200,"sd","13:31:27",4663000
24.7,-0.05,300,"sd","13:31:06",4659800
24.7,-0.05,500,"sd","13:31:03",4659500
24.7,-0.05,400,"sd","13:30:57",4659000
24.7,-0.05,4800,"sd","13:30:50",4658600
24.7,-0.05,2200,"sd","13:30:49",4653800
24.7,-0.05,200,"sd","13:30:26",4651600
24.7,-0.05,100,"sd","13:30:21",4651400
24.7,-0.05,5000,"sd","13:30:17",4651300
24.7,-0.05,600,"sd","13:30:16",4646300
24.7,-0.05,2000,"sd","13:30:14",4645700
24.7,-0.05,1000,"sd","13:29:58",4643700
24.7,-0.05,2200,"sd","13:29:39",4642700
24.7,-0.05,2000,"sd","13:29:32",4640500
24.7,-0.05,1000,"sd","13:29:17",4638500
24.75,0,1500,"bu","13:29:17",4637500
24.75,0,53700,"sd","13:29:09",4636000
24.75,0,1800,"sd","13:29:02",4582300
24.8,0.05,500,"sd","13:28:55",4579900
24.8,0.05,1000,"sd","13:28:50",4579400
24.8,0.05,16000,"sd","13:28:46",4578400
24.8,0.05,5000,"sd","13:28:45",4562400
24.8,0.05,3000,"sd","13:28:28",4557400
24.8,0.05,5000,"sd","13:28:25",4554400
24.8,0.05,2700,"sd","13:28:23",4549400
24.8,0.05,1500,"sd","13:28:13",4546700
24.8,0.05,100,"sd","13:28:00",4545200
24.8,0.05,400,"bu","13:27:56",4542100
24.8,0.05,11200,"bu","13:27:56",4541700
24.8,0.05,100,"bu","13:27:55",4530500
24.8,0.05,1000,"bu","13:27:54",4530400
24.8,0.05,300,"sd","13:27:48",4529400
24.8,0.05,3000,"sd","13:27:41",4529100
24.8,0.05,17000,"sd","13:27:39",4526100
24.8,0.05,2400,"sd","13:27:38",4509100
24.8,0.05,14000,"sd","13:27:28",4506700
24.8,0.05,2200,"sd","13:26:57",4492700
24.8,0.05,100,"sd","13:26:39",4490500
24.85,0.1,1500,"bu","13:26:36",4490400
24.85,0.1,3200,"sd","13:26:23",4488900
24.85,0.1,20000,"sd","13:26:20",4485700
24.85,0.1,2700,"sd","13:26:19",4465700
24.85,0.1,500,"sd","13:25:38",4463000
24.85,0.1,6300,"bu","13:25:35",4462500
24.85,0.1,20000,"bu","13:25:31",4456200
24.85,0.1,1000,"bu","13:25:25",4436200
24.8,0.05,1000,"sd","13:25:15",4435200
24.8,0.05,3100,"sd","13:24:54",4434200
24.8,0.05,300,"sd","13:24:32",4431100
24.85,0.1,1500,"bu","13:24:26",4430800
24.85,0.1,200,"bu","13:24:10",4429300
24.8,0.05,2500,"sd","13:24:01",4429100
24.8,0.05,3000,"sd","13:23:27",4426600
24.8,0.05,1300,"bu","13:23:25",4423600
24.8,0.05,3000,"bu","13:23:23",4422300
24.8,0.05,8700,"sd","13:23:08",4419300
24.85,0.1,1500,"bu","13:22:59",4410600
24.85,0.1,4600,"bu","13:22:40",4409100
24.8,0.05,2100,"sd","13:22:35",4404500
24.8,0.05,6900,"bu","13:22:25",4402400
24.8,0.05,10000,"bu","13:22:21",4395500
24.8,0.05,5000,"bu","13:22:18",4385500
24.8,0.05,1500,"bu","13:22:15",4380500
24.8,0.05,500,"bu","13:22:13",4379000
24.8,0.05,17000,"bu","13:22:08",4378500
24.8,0.05,1000,"bu","13:22:02",4361500
24.75,0,2400,"sd","13:21:59",4360500
24.8,0.05,200,"bu","13:21:57",4358100
24.8,0.05,1300,"bu","13:21:50",4357900
24.8,0.05,1000,"bu","13:21:45",4356600
24.8,0.05,2000,"bu","13:21:43",4355600
24.8,0.05,1200,"bu","13:21:41",4353600
24.8,0.05,1500,"bu","13:21:32",4352400
24.8,0.05,1000,"bu","13:21:28",4350900
24.75,0,800,"sd","13:21:23",4349900
24.75,0,2300,"sd","13:21:19",4349100
24.75,0,79400,"bu","13:21:15",4346800
24.75,0,10000,"bu","13:21:09",4267400
24.7,-0.05,4000,"sd","13:21:07",4257400
24.75,0,100,"bu","13:21:06",4253400
24.75,0,10000,"bu","13:20:59",4253300
24.75,0,20000,"bu","13:20:58",4243300
24.75,0,300,"bu","13:20:56",4223300
24.75,0,1500,"bu","13:20:49",4223000
24.75,0,1000,"bu","13:20:44",4221500
24.7,-0.05,2700,"sd","13:20:40",4220500
24.75,0,3000,"bu","13:20:25",4217800
24.75,0,10000,"bu","13:20:21",4214800
24.75,0,100,"bu","13:20:07",4204800
24.75,0,1500,"bu","13:20:05",4204700
24.75,0,200,"bu","13:19:58",4203200
24.7,-0.05,2500,"sd","13:19:57",4203000
24.75,0,24600,"sd","13:19:51",4200500
24.75,0,3000,"sd","13:19:37",4175900
24.75,0,2900,"sd","13:19:18",4172900
24.8,0.05,500,"bu","13:19:09",4170000
24.75,0,500,"sd","13:18:58",4169500
24.75,0,900,"bu","13:18:46",4169000
24.75,0,1000,"bu","13:18:44",4168100
24.75,0,50500,"bu","13:18:42",4167100
24.75,0,1500,"bu","13:18:39",4116600
24.75,0,1000,"bu","13:18:26",4115100
24.7,-0.05,2500,"sd","13:18:24",4114100
24.75,0,10000,"bu","13:18:21",4111600
24.75,0,100,"bu","13:18:11",4101600
24.75,0,5000,"bu","13:18:08",4101500
24.75,0,1500,"bu","13:17:55",4096500
24.75,0,100,"bu","13:17:48",4095000
24.75,0,10000,"bu","13:17:45",4094900
24.7,-0.05,2200,"sd","13:17:41",4084900
24.7,-0.05,500,"sd","13:17:24",4082700
24.7,-0.05,11800,"bu","13:17:21",4082200
24.7,-0.05,200,"sd","13:17:16",4070400
24.7,-0.05,6000,"sd","13:17:14",4070200
24.7,-0.05,5300,"bu","13:17:05",4064200
24.65,-0.1,1500,"sd","13:17:01",4058900
24.65,-0.1,200,"sd","13:16:30",4057400
24.65,-0.1,2400,"sd","13:16:26",4057200
24.65,-0.1,5900,"bu","13:16:06",4054800
24.65,-0.1,7500,"bu","13:15:54",4048900
24.65,-0.1,500,"bu","13:15:49",4041400
24.65,-0.1,122400,"sd","13:15:49",4040900
24.7,-0.05,18700,"sd","13:15:49",3918500
24.7,-0.05,2000,"sd","13:15:46",3899800
24.7,-0.05,600,"sd","13:15:33",3897800
24.7,-0.05,7000,"sd","13:15:30",3897200
24.7,-0.05,100,"sd","13:15:17",3890200
24.7,-0.05,5000,"sd","13:15:17",3890100
24.7,-0.05,2500,"sd","13:15:13",3885100
24.7,-0.05,5000,"sd","13:14:50",3882600
24.7,-0.05,2100,"sd","13:14:32",3877600
24.7,-0.05,28400,"sd","13:14:22",3875500
24.7,-0.05,2700,"sd","13:13:53",3847100
24.75,0,10000,"bu","13:13:44",3844400
24.75,0,12600,"sd","13:13:37",3834400
24.75,0,1000,"sd","13:13:13",3821800
24.75,0,300,"sd","13:13:10",3820800
24.75,0,2200,"sd","13:13:09",3820500
24.75,0,200,"sd","13:13:08",3818300
24.75,0,21700,"bu","13:12:58",3818100
24.7,-0.05,19000,"bu","13:12:58",3796400
24.7,-0.05,1500,"bu","13:12:52",3777400
24.7,-0.05,6300,"bu","13:12:44",3775900
24.7,-0.05,4000,"sd","13:12:41",3769600
24.7,-0.05,2000,"sd","13:12:33",3765600
24.7,-0.05,100,"sd","13:12:26",3763600
24.7,-0.05,25000,"sd","13:12:06",3763500
24.7,-0.05,26000,"bu","13:12:03",3738500
24.65,-0.1,2100,"sd","13:11:57",3712500
24.7,-0.05,1000,"bu","13:11:52",3710400
24.7,-0.05,1000,"bu","13:11:46",3709400
24.7,-0.05,5000,"bu","13:11:38",3708400
24.65,-0.1,500,"sd","13:11:32",3703400
24.65,-0.1,2100,"sd","13:11:23",3702900
24.65,-0.1,100,"sd","13:11:20",3700800
24.65,-0.1,2000,"sd","13:11:09",3700700
24.65,-0.1,7300,"sd","13:10:58",3698700
24.65,-0.1,28300,"sd","13:10:54",3691400
24.65,-0.1,3500,"sd","13:10:48",3663100
24.65,-0.1,20000,"sd","13:10:23",3659600
24.65,-0.1,500,"sd","13:10:15",3639600
24.7,-0.05,20000,"bu","13:10:08",3639100
24.65,-0.1,500,"sd","13:09:55",3589100
24.65,-0.1,2800,"bu","13:09:53",3588600
24.65,-0.1,17200,"sd","13:09:52",3585800
24.65,-0.1,3500,"sd","13:09:50",3568600
24.65,-0.1,11500,"sd","13:09:50",3565100
24.65,-0.1,2000,"sd","13:09:49",3553600
24.65,-0.1,2500,"sd","13:09:45",3551600
24.65,-0.1,1500,"sd","13:09:20",3549100
24.65,-0.1,2200,"sd","13:09:18",3547600
24.65,-0.1,2200,"sd","13:09:10",3545400
24.65,-0.1,2000,"sd","13:09:02",3543200
24.65,-0.1,700,"sd","13:09:00",3541200
24.65,-0.1,2000,"sd","13:08:59",3540500
24.65,-0.1,1000,"sd","13:08:58",3538500
24.65,-0.1,1000,"sd","13:08:55",3537500
24.65,-0.1,2000,"sd","13:08:51",3536500
24.65,-0.1,500,"sd","13:08:41",3534500
24.7,-0.05,2000,"bu","13:08:41",3534000
24.65,-0.1,500,"sd","13:08:40",3532000
24.65,-0.1,5000,"sd","13:08:37",3531500
24.65,-0.1,2000,"sd","13:08:37",3526500
24.7,-0.05,600,"bu","13:08:34",3524500
24.65,-0.1,300,"sd","13:08:33",3523900
24.7,-0.05,1600,"bu","13:08:31",3523600
24.7,-0.05,2000,"bu","13:08:30",3522000
24.7,-0.05,300,"bu","13:08:28",3520000
24.7,-0.05,100,"bu","13:08:24",3519700
24.7,-0.05,100,"bu","13:08:20",3519600
24.7,-0.05,700,"bu","13:08:14",3519500
24.65,-0.1,2000,"sd","13:08:13",3518800
24.7,-0.05,100,"bu","13:08:11",3516800
24.7,-0.05,3000,"bu","13:08:09",3516700
24.65,-0.1,4000,"sd","13:08:06",3513700
24.65,-0.1,2100,"sd","13:08:06",3509700
24.7,-0.05,300,"bu","13:08:00",3507600
24.7,-0.05,9900,"sd","13:07:51",3507300
24.7,-0.05,10000,"sd","13:07:48",3497400
24.7,-0.05,49900,"sd","13:07:47",3487400
24.7,-0.05,4000,"sd","13:07:43",3437500
24.7,-0.05,1400,"sd","13:07:33",3433500
24.7,-0.05,8600,"sd","13:07:33",3432100
24.75,0,77000,"sd","13:07:30",3423500
24.75,0,2100,"sd","13:07:29",3346500
24.75,0,1000,"sd","13:07:25",3344400
24.75,0,1300,"sd","13:07:15",3343400
24.75,0,1600,"sd","13:06:58",3342100
24.8,0.05,100,"bu","13:06:55",3340500
24.75,0,2000,"sd","13:06:54",3340400
24.75,0,5400,"sd","13:06:53",3338400
24.75,0,100,"sd","13:06:51",3333000
24.75,0,1900,"sd","13:06:21",3332900
24.75,0,400,"sd","13:06:17",3331000
24.75,0,2400,"sd","13:05:47",3330600
24.8,0.05,1500,"bu","13:05:38",3328200
24.8,0.05,5000,"bu","13:05:10",3326700
24.75,0,2000,"sd","13:05:09",3321700
24.8,0.05,700,"bu","13:05:09",3319700
24.8,0.05,38800,"sd","13:05:00",3319000
24.8,0.05,3000,"sd","13:04:52",3280200
24.8,0.05,600,"sd","13:04:48",3277200
24.8,0.05,2400,"sd","13:04:41",3276600
24.8,0.05,15000,"sd","13:04:40",3274200
24.8,0.05,300,"sd","13:04:38",3259200
24.8,0.05,2000,"sd","13:04:35",3258900
24.8,0.05,10000,"sd","13:04:12",3256900
24.8,0.05,13400,"sd","13:03:51",3246900
24.85,0.1,1500,"bu","13:03:28",3233500
24.85,0.1,300,"bu","13:03:24",3232000
24.8,0.05,4800,"sd","13:03:20",3231700
24.8,0.05,10000,"sd","13:03:01",3226900
24.85,0.1,100,"bu","13:02:55",3216900
24.8,0.05,700,"sd","13:01:39",3216800
24.85,0.1,1500,"bu","13:01:17",3216100
24.85,0.1,4200,"bu","13:00:50",3214600
24.85,0.1,1500,"bu","13:00:34",3210400
24.85,0.1,1400,"bu","13:00:28",3208900
24.85,0.1,500,"bu","13:00:21",3207500
24.85,0.1,400,"bu","13:00:16",3207000
24.85,0.1,200,"bu","13:00:14",3206600
24.85,0.1,100,"bu","13:00:08",3206400
24.8,0.05,100,"sd","13:00:04",3206300
24.8,0.05,1500,"sd","13:00:01",3206200
24.85,0.1,500,"bu","13:00:01",3204700
24.85,0.1,1500,"bu","11:29:51",3204200
24.85,0.1,2600,"sd","11:29:39",3202700
24.85,0.1,500,"sd","11:29:32",3200100
24.85,0.1,400,"sd","11:29:10",3199600
24.8,0.05,600,"sd","11:28:49",3199200
24.85,0.1,100,"sd","11:28:49",3198600
24.85,0.1,500,"sd","11:28:46",3198500
24.85,0.1,100,"sd","11:28:42",3198000
24.85,0.1,10000,"sd","11:28:40",3197900
24.85,0.1,200,"sd","11:28:32",3187900
24.85,0.1,2200,"bu","11:28:19",3187700
24.8,0.05,800,"sd","11:28:16",3185500
24.85,0.1,5000,"bu","11:27:54",3184700
24.85,0.1,3400,"bu","11:27:45",3179700
24.8,0.05,800,"sd","11:27:37",3176300
24.85,0.1,26600,"sd","11:27:19",3175500
24.9,0.15,300,"bu","11:27:13",3148900
24.85,0.1,6000,"sd","11:27:06",3148600
24.85,0.1,900,"sd","11:27:00",3142600
24.85,0.1,1000,"sd","11:26:46",3141700
24.85,0.1,4500,"sd","11:26:41",3140700
24.85,0.1,700,"sd","11:26:25",3136200
24.85,0.1,100,"sd","11:26:23",3135500
24.85,0.1,3100,"sd","11:26:11",3135400
24.85,0.1,10700,"sd","11:25:53",3132300
24.85,0.1,800,"sd","11:25:49",3121600
24.85,0.1,600,"sd","11:25:11",3120800
24.9,0.15,500,"bu","11:25:05",3120200
24.85,0.1,700,"sd","11:24:38",3119700
24.85,0.1,1200,"bu","11:24:03",3119000
24.85,0.1,100,"bu","11:23:53",3117800
24.85,0.1,1000,"bu","11:23:35",3117700
24.8,0.05,700,"sd","11:23:31",3116700
24.85,0.1,1600,"bu","11:23:20",3116000
24.85,0.1,100,"bu","11:23:07",3114400
24.8,0.05,600,"sd","11:22:55",3114300
24.85,0.1,6600,"sd","11:22:45",3113700
24.85,0.1,1300,"sd","11:22:40",3107100
24.85,0.1,1000,"sd","11:22:37",3105700
24.85,0.1,800,"sd","11:22:23",3104700
24.85,0.1,2000,"sd","11:22:15",3103900
24.85,0.1,200,"sd","11:22:09",3101900
24.85,0.1,4000,"sd","11:21:55",3101700
24.85,0.1,1000,"sd","11:21:53",3097700
24.85,0.1,700,"sd","11:21:46",3096700
24.85,0.1,42300,"bu","11:21:21",3096000
24.8,0.05,1000,"sd","11:21:18",3053700
24.8,0.05,700,"sd","11:21:09",3052700
24.8,0.05,100,"sd","11:21:03",3052000
24.8,0.05,700,"sd","11:20:35",3051900
24.8,0.05,600,"sd","11:20:03",3051200
24.8,0.05,1000,"sd","11:19:57",3050600
24.8,0.05,4000,"sd","11:19:56",3049600
24.85,0.1,1500,"bu","11:19:42",3045600
24.85,0.1,1000,"bu","11:19:39",3044100
24.8,0.05,700,"sd","11:19:30",3043100
24.85,0.1,300,"bu","11:19:17",3042400
24.8,0.05,700,"sd","11:18:54",3042100
24.85,0.1,1000,"bu","11:18:33",3041400
24.8,0.05,700,"sd","11:18:21",3040400
24.8,0.05,5000,"sd","11:18:18",3039700
24.8,0.05,5000,"sd","11:17:54",3034700
24.8,0.05,700,"sd","11:17:49",3029700
24.8,0.05,700,"sd","11:17:13",3029000
24.8,0.05,700,"sd","11:16:37",3028300
24.8,0.05,900,"sd","11:16:22",3027600
24.8,0.05,600,"sd","11:16:03",3026700
24.8,0.05,500,"sd","11:15:40",3026100
24.8,0.05,2000,"sd","11:15:39",3025600
24.8,0.05,700,"sd","11:15:30",3023600
24.8,0.05,1000,"sd","11:15:16",3022900
24.8,0.05,2000,"sd","11:15:13",3021900
24.85,0.1,1000,"bu","11:15:08",3019900
24.8,0.05,700,"sd","11:14:58",3018900
24.85,0.1,200,"bu","11:14:51",3018200
24.8,0.05,500,"sd","11:14:49",3018000
24.8,0.05,200,"sd","11:14:43",3017500
24.8,0.05,5000,"sd","11:14:31",3017300
24.8,0.05,1000,"sd","11:14:26",3012300
24.8,0.05,800,"sd","11:14:22",3011300
24.8,0.05,100,"sd","11:13:49",3010500
24.8,0.05,700,"sd","11:13:44",3010400
24.8,0.05,700,"sd","11:13:08",3009700
24.85,0.1,3300,"sd","11:12:48",3009000
24.85,0.1,500,"sd","11:12:45",3005700
24.85,0.1,20000,"sd","11:12:42",3005200
24.85,0.1,600,"sd","11:12:34",2985200
24.85,0.1,7800,"bu","11:12:13",2984600
24.85,0.1,1000,"bu","11:12:11",2976800
24.8,0.05,4000,"sd","11:12:04",2975800
24.8,0.05,900,"sd","11:12:02",2971800
24.8,0.05,1000,"sd","11:11:26",2970900
24.8,0.05,600,"sd","11:11:21",2969900
24.8,0.05,100,"sd","11:11:14",2969300
24.8,0.05,700,"sd","11:10:50",2969200
24.85,0.1,2200,"bu","11:10:23",2968500
24.85,0.1,200,"bu","11:10:20",2966300
24.8,0.05,3000,"sd","11:10:17",2966100
24.8,0.05,700,"sd","11:10:13",2963100
24.8,0.05,700,"sd","11:09:40",2962400
24.8,0.05,200,"sd","11:09:24",2961700
24.8,0.05,500,"sd","11:09:12",2961500
24.8,0.05,700,"sd","11:09:07",2961000
24.8,0.05,600,"sd","11:08:31",2960300
24.8,0.05,3500,"sd","11:08:30",2959700
24.8,0.05,700,"sd","11:07:59",2956200
24.8,0.05,8000,"sd","11:07:37",2955500
24.8,0.05,700,"sd","11:07:25",2947500
24.8,0.05,700,"sd","11:06:52",2946800
24.8,0.05,700,"sd","11:06:14",2946100
24.85,0.1,1500,"bu","11:05:58",2945400
24.85,0.1,900,"bu","11:05:42",2943900
24.8,0.05,800,"sd","11:05:41",2943000
24.8,0.05,200,"sd","11:05:35",2942200
24.8,0.05,3000,"sd","11:05:25",2942000
24.8,0.05,300,"sd","11:05:23",2939000
24.8,0.05,600,"sd","11:05:03",2938700
24.85,0.1,4000,"bu","11:05:01",2938100
24.85,0.1,5000,"bu","11:04:51",2934100
24.85,0.1,100,"bu","11:04:45",2929100
24.85,0.1,1500,"bu","11:04:31",2929000
24.85,0.1,100,"bu","11:04:31",2927500
24.8,0.05,800,"sd","11:04:30",2927400
24.85,0.1,4000,"bu","11:04:01",2926600
24.85,0.1,2800,"bu","11:03:58",2922600
24.8,0.05,800,"sd","11:03:53",2919800
24.85,0.1,1500,"bu","11:03:49",2919000
24.85,0.1,2000,"bu","11:03:41",2917500
24.8,0.05,200,"sd","11:03:27",2915500
24.8,0.05,700,"sd","11:03:14",2915300
24.8,0.05,700,"sd","11:02:38",2914600
24.8,0.05,800,"sd","11:02:05",2913900
24.8,0.05,700,"sd","11:01:26",2913100
24.85,0.1,1400,"bu","11:01:19",2912400
24.8,0.05,100,"sd","11:00:59",2911000
24.8,0.05,800,"sd","11:00:50",2910900
24.85,0.1,1000,"bu","11:00:49",2910100
24.8,0.05,200,"sd","11:00:17",2909100
24.8,0.05,800,"sd","11:00:09",2908900
24.8,0.05,800,"sd","10:59:27",2908100
24.85,0.1,2500,"bu","10:59:23",2907300
24.85,0.1,900,"bu","10:59:07",2904800
24.8,0.05,800,"sd","10:58:49",2903900
24.85,0.1,100,"bu","10:58:46",2903100
24.8,0.05,5000,"sd","10:58:18",2903000
24.8,0.05,13000,"sd","10:58:14",2898000
24.85,0.1,100,"bu","10:58:13",2885000
24.8,0.05,800,"sd","10:58:08",2884900
24.85,0.1,200,"bu","10:58:06",2884100
24.85,0.1,1500,"bu","10:58:02",2883900
24.85,0.1,1000,"bu","10:58:00",2882400
24.8,0.05,2600,"sd","10:57:59",2881400
24.85,0.1,1200,"bu","10:57:58",2878800
24.85,0.1,30000,"bu","10:57:48",2877600
24.8,0.05,700,"sd","10:57:31",2847600
24.85,0.1,1000,"bu","10:57:30",2846900
24.8,0.05,1100,"sd","10:57:24",2845900
24.8,0.05,2000,"sd","10:57:00",2844800
24.8,0.05,700,"sd","10:56:55",2842800
24.8,0.05,500,"sd","10:56:45",2842100
24.8,0.05,1700,"sd","10:56:39",2841600
24.8,0.05,700,"sd","10:56:18",2839900
24.8,0.05,100,"sd","10:55:58",2839200
24.8,0.05,800,"sd","10:55:46",2839100
24.8,0.05,2000,"sd","10:55:37",2838300
24.8,0.05,100,"sd","10:55:25",2836300
24.8,0.05,4300,"bu","10:55:12",2836200
24.75,0,700,"sd","10:55:09",2831900
24.8,0.05,1200,"bu","10:55:08",2831200
24.8,0.05,300,"bu","10:55:07",2830000
24.8,0.05,500,"bu","10:54:58",2829700
24.8,0.05,3000,"bu","10:54:54",2829200
24.8,0.05,5000,"bu","10:54:45",2826200
24.75,0,600,"sd","10:54:32",2821200
24.75,0,2700,"sd","10:54:11",2820600
24.75,0,3000,"sd","10:54:07",2817900
24.75,0,300,"sd","10:54:04",2814900
24.75,0,200,"sd","10:54:01",2814600
24.75,0,700,"sd","10:53:59",2814400
24.75,0,300,"sd","10:53:50",2813700
24.75,0,10000,"sd","10:53:45",2813400
24.75,0,600,"sd","10:53:27",2803400
24.75,0,7500,"bu","10:53:21",2802800
24.75,0,500,"bu","10:53:21",2795300
24.75,0,1000,"bu","10:53:18",2794800
24.75,0,1000,"bu","10:53:15",2793800
24.75,0,200,"bu","10:53:09",2792800
24.75,0,200,"bu","10:53:06",2792600
24.75,0,1500,"bu","10:52:57",2792400
24.75,0,900,"bu","10:52:53",2790900
24.7,-0.05,700,"sd","10:52:22",2790000
24.75,0,700,"sd","10:52:21",2789300
24.75,0,1000,"sd","10:52:19",2788600
24.75,0,900,"bu","10:52:14",2787600
24.75,0,2000,"bu","10:52:11",2786700
24.75,0,2000,"bu","10:52:10",2784700
24.7,-0.05,200,"sd","10:51:57",2782700
24.7,-0.05,800,"sd","10:51:45",2782500
24.75,0,5000,"bu","10:51:40",2781700
24.7,-0.05,1000,"sd","10:51:39",2776700
24.75,0,1500,"bu","10:51:30",2775700
24.75,0,500,"bu","10:51:22",2774200
24.7,-0.05,700,"sd","10:51:06",2773700
24.75,0,2000,"bu","10:51:05",2773000
24.75,0,500,"bu","10:51:04",2771000
24.75,0,1900,"bu","10:50:57",2770500
24.7,-0.05,15000,"sd","10:50:56",2768600
24.75,0,500,"bu","10:50:50",2753600
24.75,0,2500,"bu","10:50:47",2753100
24.75,0,100,"bu","10:50:35",2750600
24.7,-0.05,700,"sd","10:50:30",2750500
24.75,0,1500,"sd","10:50:19",2749800
24.75,0,300,"sd","10:50:18",2748300
24.75,0,1000,"sd","10:50:11",2748000
24.75,0,20000,"sd","10:50:04",2747000
24.75,0,20000,"sd","10:49:58",2727000
24.75,0,700,"sd","10:49:57",2707000
24.75,0,2000,"sd","10:49:32",2706300
24.75,0,10000,"bu","10:49:25",2704300
24.75,0,700,"bu","10:49:23",2694300
24.7,-0.05,800,"sd","10:49:22",2693600
24.7,-0.05,500,"sd","10:49:10",2692800
24.7,-0.05,2000,"sd","10:48:59",2692300
24.7,-0.05,600,"sd","10:48:45",2690300
24.75,0,41500,"sd","10:48:40",2689700
24.75,0,1000,"sd","10:48:32",2648200
24.75,0,500,"sd","10:48:30",2647200
24.75,0,44000,"sd","10:48:28",2646700
24.75,0,5000,"sd","10:48:26",2602700
24.75,0,17100,"sd","10:48:24",2597700
24.75,0,800,"sd","10:48:11",2580600
24.8,0.05,1000,"bu","10:48:07",2579800
24.8,0.05,1500,"bu","10:47:53",2578800
24.8,0.05,700,"bu","10:47:50",2577300
24.8,0.05,500,"bu","10:47:42",2576600
24.75,0,700,"sd","10:47:34",2576100
24.8,0.05,900,"sd","10:47:28",2575400
24.8,0.05,36000,"sd","10:47:27",2574500
24.8,0.05,800,"sd","10:46:57",2538500
24.8,0.05,700,"sd","10:46:54",2537700
24.8,0.05,13100,"bu","10:46:53",2537000
24.8,0.05,500,"bu","10:46:52",2523900
24.75,0,6000,"sd","10:46:42",2523400
24.75,0,3000,"sd","10:46:40",2517400
24.75,0,600,"sd","10:46:21",2514400
24.8,0.05,12200,"sd","10:46:14",2513800
24.8,0.05,24200,"sd","10:46:14",2501600
24.8,0.05,50000,"sd","10:46:07",2477400
24.8,0.05,5000,"sd","10:46:00",2427400
24.8,0.05,700,"sd","10:45:48",2422400
24.8,0.05,5000,"sd","10:45:47",2421700
24.8,0.05,1600,"sd","10:45:25",2416700
24.8,0.05,800,"sd","10:45:14",2415100
24.85,0.1,1000,"bu","10:45:01",2414300
24.8,0.05,700,"sd","10:44:35",2413300
24.85,0.1,200,"bu","10:44:35",2412600
24.8,0.05,500,"sd","10:44:19",2412400
24.8,0.05,800,"sd","10:43:59",2411900
24.85,0.1,1000,"bu","10:43:51",2411100
24.8,0.05,700,"sd","10:43:22",2410100
24.85,0.1,3800,"sd","10:43:15",2409400
24.85,0.1,700,"sd","10:43:12",2405600
24.85,0.1,800,"sd","10:42:46",2404900
24.85,0.1,200,"sd","10:42:44",2404100
24.85,0.1,5000,"sd","10:42:36",2403900
24.85,0.1,3000,"sd","10:42:29",2398900
24.85,0.1,1900,"sd","10:42:25",2395900
24.85,0.1,1000,"sd","10:42:15",2394000
24.85,0.1,1000,"sd","10:42:11",2393000
24.85,0.1,1000,"sd","10:42:09",2392000
24.85,0.1,800,"sd","10:42:08",2391000
24.85,0.1,500,"sd","10:42:05",2390200
24.85,0.1,500,"sd","10:41:55",2389700
24.85,0.1,100,"sd","10:41:54",2389200
24.85,0.1,5000,"sd","10:41:54",2389100
24.85,0.1,52000,"sd","10:41:50",2384100
24.85,0.1,1000,"sd","10:41:39",2332100
24.85,0.1,700,"sd","10:41:27",2331100
24.85,0.1,700,"sd","10:40:53",2330400
24.9,0.15,1500,"bu","10:40:40",2329700
24.9,0.15,2000,"bu","10:40:18",2328200
24.85,0.1,800,"sd","10:40:15",2326200
24.85,0.1,300,"sd","10:39:57",2325400
24.85,0.1,10300,"sd","10:39:55",2325100
24.85,0.1,1000,"sd","10:39:43",2314800
24.85,0.1,700,"sd","10:39:39",2313800
24.85,0.1,600,"sd","10:39:29",2313100
24.85,0.1,3000,"sd","10:39:19",2312500
24.85,0.1,1800,"sd","10:39:18",2309500
24.85,0.1,20000,"sd","10:39:09",2307700
24.85,0.1,700,"sd","10:39:03",2287700
24.9,0.15,100,"bu","10:38:39",2287000
24.85,0.1,500,"sd","10:38:37",2286900
24.85,0.1,700,"sd","10:38:25",2286400
24.85,0.1,600,"sd","10:37:53",2285700
24.9,0.15,1500,"bu","10:37:47",2285100
24.9,0.15,100,"bu","10:37:22",2283600
24.85,0.1,700,"sd","10:37:20",2283500
24.85,0.1,700,"sd","10:36:47",2282800
24.85,0.1,1000,"sd","10:36:19",2282100
24.85,0.1,600,"sd","10:36:14",2281100
24.85,0.1,3600,"sd","10:36:07",2280500
24.85,0.1,9600,"bu","10:35:55",2276900
24.85,0.1,10000,"bu","10:35:48",2267300
24.8,0.05,700,"sd","10:35:41",2257300
24.8,0.05,300,"sd","10:35:40",2256600
24.8,0.05,2000,"sd","10:35:15",2256300
24.8,0.05,700,"sd","10:35:10",2254300
24.8,0.05,100,"sd","10:35:09",2253600
24.8,0.05,12100,"sd","10:35:06",2253500
24.8,0.05,4000,"sd","10:34:39",2241400
24.8,0.05,600,"sd","10:34:36",2237400
24.8,0.05,2000,"sd","10:34:17",2236800
24.8,0.05,200,"sd","10:34:15",2234800
24.8,0.05,700,"sd","10:34:03",2234600
24.8,0.05,1000,"sd","10:33:57",2233900
24.85,0.1,500,"bu","10:33:56",2232900
24.8,0.05,300,"sd","10:33:50",2232400
24.8,0.05,700,"sd","10:33:31",2232100
24.8,0.05,500,"sd","10:33:09",2231400
24.8,0.05,10700,"sd","10:32:56",2230900
24.8,0.05,57500,"sd","10:32:28",2220200
24.85,0.1,28300,"sd","10:32:28",2162700
24.85,0.1,700,"sd","10:32:20",2134400
24.85,0.1,700,"sd","10:31:47",2133700
24.9,0.15,3000,"bu","10:31:40",2133000
24.9,0.15,100,"bu","10:31:16",2130000
24.85,0.1,700,"sd","10:31:11",2129900
24.85,0.1,1900,"sd","10:30:59",2124200
24.9,0.15,3100,"sd","10:30:59",2122300
24.9,0.15,1000,"sd","10:30:51",2119200
24.9,0.15,200,"sd","10:30:50",2118200
24.9,0.15,24500,"bu","10:30:46",2118000
24.85,0.1,800,"sd","10:30:37",2093500
24.85,0.1,1000,"sd","10:30:13",2092700
24.9,0.15,7400,"bu","10:30:10",2091700
24.85,0.1,600,"sd","10:29:58",2084300
24.85,0.1,500,"sd","10:29:30",2083700
24.85,0.1,800,"sd","10:29:23",2083200
24.85,0.1,100,"sd","10:28:53",2082400
24.85,0.1,700,"sd","10:28:45",2082300
24.85,0.1,1000,"sd","10:28:44",2081600
24.85,0.1,300,"sd","10:28:42",2080600
24.85,0.1,700,"sd","10:28:13",2080300
24.85,0.1,600,"sd","10:28:00",2079600
24.85,0.1,800,"sd","10:27:36",2079000
24.85,0.1,500,"sd","10:27:35",2078200
24.85,0.1,800,"sd","10:26:55",2077700
24.9,0.15,100,"sd","10:26:07",2076900
24.9,0.15,9100,"sd","10:26:07",2076800
24.9,0.15,8000,"sd","10:25:48",2067700
24.9,0.15,600,"sd","10:25:44",2059700
24.9,0.15,1000,"sd","10:25:42",2059100
24.9,0.15,1000,"sd","10:25:37",2058100
24.9,0.15,8000,"sd","10:25:36",2057100
24.9,0.15,100,"sd","10:25:31",2049100
24.9,0.15,7000,"sd","10:25:26",2049000
24.9,0.15,10000,"sd","10:25:25",2042000
24.9,0.15,10000,"sd","10:25:20",2032000
24.9,0.15,8000,"sd","10:25:13",2022000
24.9,0.15,700,"sd","10:25:11",2014000
24.95,0.2,100,"bu","10:24:56",2013300
24.9,0.15,600,"sd","10:24:50",2013200
24.9,0.15,10000,"sd","10:24:46",2012600
24.9,0.15,10000,"sd","10:24:45",2002600
24.9,0.15,5000,"sd","10:24:38",1992600
24.9,0.15,700,"sd","10:24:37",1987600
24.9,0.15,700,"sd","10:24:02",1986900
24.95,0.2,29000,"bu","10:24:00",1986200
24.95,0.2,6000,"bu","10:23:34",1957200
24.9,0.15,2000,"sd","10:23:32",1951200
24.9,0.15,5000,"sd","10:23:30",1949200
24.9,0.15,10000,"sd","10:23:28",1944200
24.9,0.15,900,"sd","10:23:25",1934200
24.9,0.15,4000,"sd","10:23:20",1933300
24.9,0.15,5100,"sd","10:22:59",1929300
24.95,0.2,400,"bu","10:22:57",1924200
24.9,0.15,30000,"sd","10:22:53",1923800
24.9,0.15,3000,"sd","10:22:49",1893800
24.9,0.15,700,"sd","10:22:45",1890800
24.9,0.15,10000,"sd","10:22:32",1890100
24.9,0.15,700,"sd","10:22:11",1880100
24.9,0.15,500,"sd","10:21:50",1879400
24.9,0.15,90000,"sd","10:21:46",1878900
24.9,0.15,500,"sd","10:21:41",1788900
24.9,0.15,200,"sd","10:21:38",1788400
24.9,0.15,700,"sd","10:21:33",1788200
24.9,0.15,700,"sd","10:21:01",1787500
24.9,0.15,700,"sd","10:20:23",1786800
24.95,0.2,4500,"bu","10:20:20",1786100
24.9,0.15,600,"sd","10:19:51",1781600
24.95,0.2,10000,"bu","10:19:25",1781000
24.9,0.15,700,"sd","10:19:20",1771000
24.95,0.2,10000,"bu","10:19:16",1770300
24.9,0.15,100,"sd","10:19:13",1760300
24.9,0.15,700,"sd","10:18:45",1760200
24.9,0.15,200,"sd","10:18:33",1759500
24.9,0.15,700,"sd","10:18:12",1759300
24.9,0.15,100,"sd","10:18:01",1758600
24.9,0.15,6000,"sd","10:17:50",1758500
24.9,0.15,600,"sd","10:17:35",1752500
24.95,0.2,100,"bu","10:17:32",1751900
24.9,0.15,4500,"sd","10:17:32",1751800
24.95,0.2,2000,"bu","10:17:23",1747300
24.9,0.15,700,"sd","10:17:03",1745300
24.95,0.2,1000,"bu","10:17:01",1744600
24.95,0.2,5000,"bu","10:16:38",1743600
24.9,0.15,700,"sd","10:16:31",1738600
24.9,0.15,3800,"sd","10:16:10",1737900
24.9,0.15,700,"sd","10:15:54",1734100
24.9,0.15,700,"sd","10:15:22",1733400
24.9,0.15,200,"sd","10:15:05",1732700
24.95,0.2,500,"bu","10:14:52",1732500
24.9,0.15,700,"sd","10:14:48",1732000
24.95,0.2,1700,"sd","10:14:27",1731300
24.95,0.2,5000,"sd","10:14:25",1729600
24.95,0.2,700,"sd","10:14:13",1724600
24.95,0.2,300,"sd","10:14:09",1723900
24.95,0.2,5000,"sd","10:14:08",1723600
25,0.25,1000,"bu","10:14:05",1718600
24.95,0.2,25200,"sd","10:13:37",1717600
24.95,0.2,700,"sd","10:13:34",1692400
24.95,0.2,10000,"sd","10:13:20",1691700
24.95,0.2,2000,"sd","10:13:19",1681700
24.95,0.2,200,"sd","10:13:11",1679700
24.95,0.2,200,"sd","10:13:05",1679500
24.95,0.2,600,"sd","10:13:02",1679300
24.95,0.2,500,"sd","10:13:00",1678700
24.95,0.2,100,"sd","10:12:54",1678200
24.95,0.2,18500,"bu","10:12:54",1678100
24.95,0.2,4000,"bu","10:12:38",1659600
24.95,0.2,1000,"bu","10:12:37",1655600
24.9,0.15,700,"sd","10:12:30",1654600
24.95,0.2,2000,"bu","10:12:28",1653900
24.95,0.2,400,"bu","10:12:24",1651900
24.95,0.2,1100,"bu","10:12:23",1651500
24.95,0.2,10000,"bu","10:12:16",1650400
24.95,0.2,1000,"bu","10:12:13",1640400
24.95,0.2,10000,"bu","10:12:10",1639400
24.95,0.2,500,"bu","10:12:01",1629400
24.9,0.15,700,"sd","10:11:58",1628900
24.95,0.2,2000,"bu","10:11:49",1628200
24.9,0.15,9000,"sd","10:11:42",1626200
24.95,0.2,500,"bu","10:11:30",1617200
24.95,0.2,9300,"sd","10:11:26",1616700
24.95,0.2,700,"sd","10:11:25",1607400
24.95,0.2,10000,"sd","10:11:24",1606700
24.95,0.2,500,"sd","10:11:06",1596700
24.95,0.2,4000,"sd","10:11:05",1596200
24.95,0.2,5000,"sd","10:10:54",1592200
24.95,0.2,700,"sd","10:10:49",1587200
24.95,0.2,11000,"sd","10:10:47",1586500
24.95,0.2,1000,"sd","10:10:40",1575500
24.95,0.2,5000,"sd","10:10:16",1574500
24.95,0.2,800,"sd","10:10:12",1569500
25,0.25,100,"bu","10:09:43",1568700
24.95,0.2,100,"sd","10:09:41",1568600
24.95,0.2,2000,"sd","10:09:38",1568500
25,0.25,7600,"bu","10:09:35",1566500
24.95,0.2,600,"sd","10:09:34",1558900
24.95,0.2,200,"sd","10:09:31",1558300
25,0.25,8100,"bu","10:09:31",1558100
24.95,0.2,200,"sd","10:09:27",1550000
24.95,0.2,1000,"sd","10:09:10",1549800
24.95,0.2,700,"sd","10:09:02",1548800
25,0.25,10000,"bu","10:08:44",1548100
25,0.25,500,"bu","10:08:33",1538100
24.95,0.2,700,"sd","10:08:30",1537600
25,0.25,28900,"sd","10:08:17",1536900
25,0.25,100,"sd","10:08:16",1508000
25,0.25,100,"sd","10:08:09",1507900
25,0.25,700,"sd","10:07:56",1507800
25,0.25,5000,"sd","10:07:38",1507100
25,0.25,2000,"sd","10:07:36",1502100
25,0.25,5000,"sd","10:07:32",1500100
25,0.25,1000,"sd","10:07:28",1495100
25,0.25,100,"sd","10:07:28",1494100
25,0.25,1000,"sd","10:07:25",1494000
25,0.25,600,"sd","10:07:20",1493000
25,0.25,500,"sd","10:07:17",1492400
25,0.25,1900,"sd","10:07:15",1491900
25,0.25,1000,"sd","10:07:07",1490000
25,0.25,5000,"sd","10:06:58",1489000
25,0.25,5000,"sd","10:06:57",1484000
25,0.25,600,"sd","10:06:55",1479000
25,0.25,800,"sd","10:06:54",1478400
25,0.25,700,"sd","10:06:48",1477600
25,0.25,1100,"sd","10:06:37",1476900
25,0.25,1000,"sd","10:06:35",1475800
25,0.25,300,"sd","10:06:34",1474800
25,0.25,10500,"sd","10:06:15",1474500
25,0.25,1000,"sd","10:06:10",1464000
25,0.25,500,"sd","10:06:05",1463000
25,0.25,1500,"sd","10:05:56",1462500
25,0.25,1500,"sd","10:05:34",1461000
25.05,0.3,5000,"bu","10:05:16",1459500
25.05,0.3,200,"bu","10:05:12",1454500
25.05,0.3,500,"bu","10:05:04",1454300
25,0.25,1000,"sd","10:04:52",1453800
25,0.25,5000,"sd","10:04:33",1452800
25,0.25,400,"sd","10:04:31",1447800
25.05,0.3,43000,"bu","10:04:29",1447400
25,0.25,100,"sd","10:04:11",1404400
25.05,0.3,300,"bu","10:04:10",1404300
25,0.25,100,"sd","10:04:04",1404000
25,0.25,700,"sd","10:04:00",1403900
25,0.25,200,"sd","10:03:57",1403200
25,0.25,1000,"sd","10:03:55",1403000
25,0.25,100,"sd","10:03:51",1402000
25,0.25,16100,"bu","10:03:47",1401900
25,0.25,7000,"bu","10:03:47",1385800
25,0.25,5000,"bu","10:03:46",1378800
25,0.25,11100,"bu","10:03:37",1373800
25,0.25,4000,"bu","10:03:37",1362700
25,0.25,200,"bu","10:03:30",1358700
25,0.25,5000,"bu","10:03:28",1358500
25,0.25,500,"bu","10:03:21",1353500
25,0.25,11000,"bu","10:03:18",1353000
25,0.25,3000,"bu","10:03:13",1342000
25,0.25,18900,"sd","10:03:04",1339000
25,0.25,500,"sd","10:03:02",1320100
25,0.25,100,"sd","10:02:23",1319600
25,0.25,400,"bu","10:02:23",1319500
25,0.25,2000,"bu","10:02:22",1319100
25,0.25,5000,"bu","10:02:19",1317100
25,0.25,500,"bu","10:02:15",1312100
25,0.25,100,"bu","10:02:13",1311600
25,0.25,2500,"bu","10:02:11",1311500
25,0.25,5000,"bu","10:02:08",1309000
25,0.25,1000,"bu","10:02:05",1304000
25,0.25,60000,"bu","10:02:04",1303000
25,0.25,700,"bu","10:02:02",1243000
25,0.25,2100,"bu","10:01:55",1242300
25,0.25,2000,"bu","10:01:53",1240200
25,0.25,50000,"bu","10:01:51",1238200
25,0.25,6000,"bu","10:01:37",1188200
25,0.25,400,"bu","10:01:34",1182200
25,0.25,40000,"bu","10:01:27",1181800
24.95,0.2,100,"sd","10:01:15",1141800
25,0.25,3000,"bu","10:01:14",1141700
24.95,0.2,1000,"sd","10:01:10",1138700
25,0.25,1000,"bu","10:00:57",1137700
25,0.25,5000,"bu","10:00:53",1136700
24.95,0.2,100,"sd","10:00:32",1131700
25,0.25,1900,"bu","10:00:15",1131600
24.95,0.2,1300,"sd","10:00:14",1129700
24.95,0.2,10000,"sd","10:00:05",1128400
24.95,0.2,1000,"sd","09:59:48",1118400
24.95,0.2,2000,"sd","09:58:59",1117400
24.95,0.2,100,"sd","09:58:46",1115400
24.95,0.2,2300,"bu","09:58:38",1115300
24.95,0.2,100,"bu","09:58:36",1113000
24.95,0.2,2000,"bu","09:58:36",1112900
24.95,0.2,50000,"bu","09:58:34",1110900
24.95,0.2,500,"bu","09:58:31",1060900
24.95,0.2,15400,"bu","09:58:28",1060400
24.95,0.2,10000,"bu","09:58:27",1045000
24.95,0.2,15000,"bu","09:58:24",1035000
24.95,0.2,1000,"bu","09:58:23",1020000
24.95,0.2,5000,"bu","09:58:21",1019000
24.95,0.2,5000,"bu","09:58:19",1014000
24.95,0.2,100,"bu","09:58:18",1009000
24.95,0.2,500,"bu","09:58:16",1003900
24.95,0.2,6000,"bu","09:58:13",1003400
24.95,0.2,5000,"bu","09:58:11",997400
24.95,0.2,500,"bu","09:58:11",992400
24.95,0.2,10000,"bu","09:58:10",991900
24.95,0.2,30000,"bu","09:58:07",981900
24.95,0.2,5800,"bu","09:58:01",951900
24.95,0.2,1000,"bu","09:57:48",946100
24.9,0.15,5000,"sd","09:57:39",945100
24.95,0.2,5000,"bu","09:57:37",940100
24.95,0.2,2000,"bu","09:57:35",935100
24.95,0.2,19700,"bu","09:57:28",933100
24.95,0.2,1000,"bu","09:57:27",913400
24.95,0.2,1000,"bu","09:57:16",912400
24.95,0.2,1000,"bu","09:57:08",911400
24.9,0.15,200,"sd","09:57:04",910400
24.9,0.15,2300,"sd","09:56:33",910200
24.95,0.2,500,"bu","09:56:31",907900
24.95,0.2,100,"bu","09:56:22",907400
24.95,0.2,10000,"bu","09:56:21",907300
24.95,0.2,2000,"bu","09:56:13",897300
24.95,0.2,1700,"bu","09:56:12",895300
24.95,0.2,200,"bu","09:56:09",893600
24.95,0.2,600,"bu","09:55:58",893400
24.95,0.2,900,"bu","09:55:47",892800
24.95,0.2,1000,"bu","09:55:41",891900
24.9,0.15,100,"sd","09:55:39",890900
24.9,0.15,3000,"sd","09:55:39",890800
24.9,0.15,41100,"bu","09:55:36",887800
24.9,0.15,3000,"bu","09:55:30",846700
24.9,0.15,3000,"bu","09:55:29",843700
24.9,0.15,11100,"bu","09:55:26",840700
24.9,0.15,3700,"bu","09:55:26",829600
24.9,0.15,7400,"bu","09:55:25",825900
24.9,0.15,200,"bu","09:55:20",818500
24.9,0.15,6000,"bu","09:55:19",818300
24.9,0.15,500,"bu","09:55:03",812300
24.9,0.15,19000,"bu","09:54:49",811800
24.9,0.15,100,"bu","09:54:33",792800
24.85,0.1,2000,"sd","09:53:42",792700
24.9,0.15,1500,"bu","09:53:38",790700
24.9,0.15,7000,"bu","09:53:04",789200
24.85,0.1,500,"sd","09:52:54",782200
24.9,0.15,200,"bu","09:52:47",781700
24.9,0.15,1000,"bu","09:52:36",781500
24.85,0.1,2700,"sd","09:52:18",780500
24.85,0.1,2000,"sd","09:52:03",777800
24.85,0.1,500,"sd","09:51:59",775800
24.85,0.1,100,"sd","09:51:57",775300
24.85,0.1,10000,"sd","09:51:02",775200
24.85,0.1,100,"sd","09:50:52",765200
24.85,0.1,10300,"sd","09:50:31",765100
24.85,0.1,100,"sd","09:50:27",754800
24.85,0.1,43800,"bu","09:50:25",754700
24.85,0.1,50000,"bu","09:50:23",710900
24.85,0.1,2000,"bu","09:50:20",660900
24.85,0.1,600,"bu","09:49:57",658900
24.8,0.05,500,"sd","09:49:47",658300
24.8,0.05,500,"sd","09:49:21",657800
24.8,0.05,500,"sd","09:49:04",657300
24.8,0.05,8100,"sd","09:49:02",656800
24.8,0.05,2500,"sd","09:48:41",648700
24.8,0.05,500,"sd","09:48:35",646200
24.8,0.05,8000,"sd","09:48:34",645700
24.8,0.05,1300,"sd","09:48:28",637700
24.8,0.05,30200,"bu","09:48:15",636400
24.8,0.05,500,"bu","09:47:59",606200
24.8,0.05,15000,"bu","09:47:53",605700
24.75,0,400,"sd","09:47:24",590700
24.8,0.05,100,"bu","09:47:13",590300
24.75,0,200,"sd","09:47:12",590200
24.8,0.05,1000,"bu","09:46:50",590000
24.75,0,1000,"sd","09:46:43",589000
24.75,0,200,"sd","09:46:31",588000
24.8,0.05,200,"bu","09:46:10",587800
24.8,0.05,4500,"bu","09:45:55",587600
24.8,0.05,65500,"bu","09:45:54",583100
24.8,0.05,3700,"bu","09:45:29",517600
24.8,0.05,300,"bu","09:44:47",513900
24.8,0.05,5000,"bu","09:44:34",513600
24.8,0.05,200,"bu","09:44:18",508600
24.75,0,300,"sd","09:44:08",508400
24.75,0,1000,"sd","09:44:02",508100
24.75,0,100,"sd","09:43:52",507100
24.75,0,500,"sd","09:43:42",507000
24.75,0,700,"sd","09:43:29",506500
24.75,0,2000,"sd","09:43:24",505800
24.75,0,18000,"sd","09:42:47",503800
24.75,0,100,"sd","09:42:43",485800
24.75,0,600,"sd","09:42:32",485700
24.75,0,100,"sd","09:42:14",485100
24.8,0.05,100,"bu","09:42:12",485000
24.75,0,500,"sd","09:42:09",484900
24.75,0,100,"sd","09:41:51",484400
24.8,0.05,1400,"sd","09:41:23",484300
24.8,0.05,500,"sd","09:41:18",482900
24.8,0.05,5000,"sd","09:41:11",482400
24.8,0.05,200,"sd","09:40:55",477400
24.8,0.05,1000,"sd","09:40:47",477200
24.8,0.05,6200,"sd","09:40:46",476200
24.8,0.05,300,"sd","09:40:37",470000
24.8,0.05,300,"sd","09:40:36",469700
24.8,0.05,5600,"sd","09:39:53",469400
24.85,0.1,200,"bu","09:39:29",463800
24.8,0.05,1800,"bu","09:39:24",463600
24.8,0.05,300,"sd","09:39:17",461800
24.8,0.05,700,"bu","09:39:02",461500
24.8,0.05,4300,"sd","09:39:00",460800
24.8,0.05,600,"bu","09:38:40",456500
24.8,0.05,100,"bu","09:38:37",455900
24.8,0.05,300,"sd","09:38:35",455800
24.8,0.05,1000,"sd","09:38:18",455500
24.8,0.05,1000,"sd","09:37:52",454500
24.8,0.05,3100,"bu","09:37:51",453500
24.8,0.05,16900,"sd","09:37:48",450400
24.8,0.05,5000,"sd","09:37:45",433500
24.8,0.05,500,"sd","09:37:43",428500
24.8,0.05,10500,"sd","09:37:42",428000
24.8,0.05,100,"sd","09:37:35",417500
24.8,0.05,100,"sd","09:37:32",417400
24.8,0.05,700,"sd","09:37:27",417300
24.8,0.05,100,"sd","09:37:15",416600
24.8,0.05,2000,"sd","09:36:50",416500
24.8,0.05,1000,"sd","09:36:39",414500
24.8,0.05,1000,"sd","09:36:33",413500
24.85,0.1,100,"bu","09:35:49",412500
24.85,0.1,100,"bu","09:35:18",412400
24.85,0.1,15100,"sd","09:34:54",412300
24.85,0.1,300,"sd","09:34:37",397200
24.85,0.1,2600,"sd","09:34:26",396900
24.85,0.1,6800,"sd","09:34:19",394300
24.85,0.1,300,"sd","09:34:17",387500
24.9,0.15,10000,"bu","09:34:08",387200
24.85,0.1,800,"sd","09:33:57",377200
24.85,0.1,600,"sd","09:33:50",376400
24.9,0.15,1000,"bu","09:33:43",375800
24.85,0.1,1000,"sd","09:33:43",374800
24.9,0.15,1000,"bu","09:33:12",373800
24.85,0.1,900,"sd","09:33:11",372800
24.9,0.15,800,"bu","09:33:00",371900
24.9,0.15,20000,"bu","09:32:04",371100
24.9,0.15,500,"bu","09:31:47",351100
24.9,0.15,1000,"bu","09:31:07",350600
24.9,0.15,500,"bu","09:31:04",349600
24.9,0.15,5000,"bu","09:30:31",349100
24.9,0.15,500,"bu","09:30:25",344100
24.9,0.15,1700,"bu","09:30:22",343600
24.9,0.15,2600,"sd","09:30:22",341900
24.9,0.15,500,"sd","09:30:10",339300
24.95,0.2,500,"bu","09:29:55",338800
24.9,0.15,8000,"bu","09:29:52",338300
24.9,0.15,100,"bu","09:29:45",330300
24.9,0.15,23400,"sd","09:29:35",330200
24.9,0.15,26600,"bu","09:29:16",306800
24.9,0.15,500,"bu","09:28:42",280200
24.9,0.15,500,"bu","09:28:20",279700
24.9,0.15,100,"bu","09:27:50",279200
24.9,0.15,10400,"sd","09:27:27",279100
24.9,0.15,700,"sd","09:27:18",268700
24.9,0.15,100,"sd","09:27:09",268000
24.95,0.2,1000,"bu","09:27:00",267900
24.95,0.2,47500,"bu","09:26:13",266900
24.9,0.15,32500,"bu","09:26:13",219400
24.85,0.1,4500,"sd","09:26:12",176400
24.9,0.15,100,"bu","09:25:57",171900
24.9,0.15,400,"bu","09:25:22",171800
24.85,0.1,2000,"sd","09:25:05",171400
24.9,0.15,500,"bu","09:24:59",169400
24.9,0.15,5000,"bu","09:24:52",168900
24.85,0.1,300,"sd","09:24:50",163900
24.9,0.15,500,"bu","09:24:09",163600
24.9,0.15,200,"bu","09:24:07",163100
24.9,0.15,1500,"bu","09:24:04",162900
24.9,0.15,1000,"bu","09:23:24",161400
24.9,0.15,100,"bu","09:23:19",160400
24.95,0.2,4600,"bu","09:23:01",160300
24.9,0.15,3400,"bu","09:23:01",155700
24.9,0.15,12000,"bu","09:23:00",152300
24.9,0.15,1000,"bu","09:22:59",140300
24.9,0.15,7400,"bu","09:22:11",139300
24.9,0.15,4900,"sd","09:22:08",131900
24.9,0.15,100,"bu","09:22:07",127000
24.9,0.15,2000,"bu","09:22:06",126900
24.9,0.15,3900,"sd","09:22:02",124900
24.9,0.15,5000,"sd","09:21:45",121000
24.95,0.2,200,"bu","09:21:39",116000
24.9,0.15,100,"sd","09:21:38",115800
24.9,0.15,100,"sd","09:21:21",115700
24.9,0.15,700,"bu","09:21:21",115600
24.9,0.15,1300,"sd","09:21:20",114900
24.9,0.15,500,"sd","09:21:09",113600
24.9,0.15,1700,"bu","09:21:05",113100
24.9,0.15,400,"bu","09:20:59",111400
24.9,0.15,2000,"bu","09:20:58",111000
24.9,0.15,100,"bu","09:20:48",109000
24.9,0.15,5000,"bu","09:20:20",108900
24.9,0.15,1000,"bu","09:20:03",103900
24.9,0.15,1800,"sd","09:20:01",102900
24.9,0.15,2600,"bu","09:19:44",101100
24.9,0.15,2000,"bu","09:19:41",98500
24.9,0.15,9000,"bu","09:19:36",96500
24.9,0.15,2000,"bu","09:19:29",87500
24.9,0.15,2000,"bu","09:19:19",85500
24.85,0.1,6300,"bu","09:19:04",83500
24.85,0.1,600,"bu","09:19:00",77200
24.85,0.1,10000,"bu","09:18:58",76600
24.8,0.05,23300,"bu","09:18:43",66600
24.8,0.05,9200,"bu","09:18:42",43300
24.8,0.05,10000,"bu","09:18:35",34100
24.8,0.05,2000,"bu","09:18:22",24100
24.8,0.05,1000,"bu","09:18:13",22100
24.8,0.05,5000,"bu","09:18:04",21100
24.8,0.05,100,"bu","09:18:02",16100
24.8,0.05,500,"bu","09:17:38",16000
24.75,0,2000,"sd","09:17:21",15500
24.75,0,100,"sd","09:17:19",13500
24.8,0.05,200,"bu","09:17:05",13400
24.8,0.05,400,"bu","09:16:37",13200
24.8,0.05,900,"bu","09:16:21",12800
24.8,0.05,5900,"sd","09:15:55",11900
24.8,0.05,1100,"sd","09:15:31",6000
24.85,0.1,100,"bu","09:15:27",4900
24.8,0.05,400,"sd","09:15:20",4800
24.85,0.1,100,"bu","09:15:03",4400
24.8,0.05,4300,"","09:15:01",4300
