"price","change","match_qtty","side","time","total_vol"
16.75,0,571600,"","14:45:01",12793200
16.8,0.05,5300,"bu","14:30:00",12221600
16.8,0.05,200,"bu","14:29:53",12216300
16.8,0.05,3000,"bu","14:29:47",12216100
16.75,0,9000,"sd","14:29:46",12213100
16.75,0,5000,"sd","14:29:43",12204100
16.8,0.05,100,"bu","14:29:41",12199100
16.8,0.05,1000,"bu","14:29:40",12199000
16.8,0.05,1400,"bu","14:29:39",12198000
16.8,0.05,200,"bu","14:29:37",12196600
16.8,0.05,200,"bu","14:29:36",12196400
16.75,0,200,"sd","14:29:35",12196200
16.8,0.05,500,"bu","14:29:32",12196000
16.75,0,200,"sd","14:29:31",12195500
16.8,0.05,1100,"bu","14:29:30",12195300
16.75,0,200,"sd","14:29:30",12194200
16.8,0.05,2000,"bu","14:29:30",12194000
16.8,0.05,3000,"bu","14:29:30",12192000
16.8,0.05,3000,"bu","14:29:27",12189000
16.8,0.05,9000,"bu","14:29:25",12186000
16.8,0.05,1000,"bu","14:29:24",12177000
16.75,0,400,"sd","14:29:23",12176000
16.8,0.05,1000,"bu","14:29:22",12175600
16.8,0.05,400,"bu","14:29:21",12174600
16.8,0.05,6000,"bu","14:29:20",12174200
16.8,0.05,5000,"bu","14:29:19",12168200
16.8,0.05,10100,"bu","14:29:18",12163200
16.8,0.05,3200,"bu","14:29:12",12153100
16.8,0.05,300,"bu","14:29:10",12149900
16.8,0.05,200,"bu","14:29:06",12149600
16.8,0.05,3900,"bu","14:29:04",12149400
16.8,0.05,200,"bu","14:28:58",12145500
16.8,0.05,10000,"bu","14:28:57",12145300
16.8,0.05,51200,"sd","14:28:46",12135300
16.8,0.05,5000,"sd","14:28:45",12084100
16.8,0.05,800,"sd","14:28:43",12079100
16.8,0.05,9500,"sd","14:28:41",12078300
16.8,0.05,13100,"sd","14:28:40",12068800
16.8,0.05,20000,"sd","14:28:39",12055700
16.8,0.05,22000,"sd","14:28:38",12035700
16.8,0.05,1400,"sd","14:28:36",12013700
16.8,0.05,1000,"sd","14:28:35",12012300
16.8,0.05,100,"sd","14:28:34",12011300
16.8,0.05,500,"sd","14:28:32",12011200
16.8,0.05,10000,"sd","14:28:32",12010700
16.8,0.05,5000,"sd","14:28:29",12000700
16.8,0.05,1300,"sd","14:28:28",11995700
16.8,0.05,15000,"sd","14:28:26",11994400
16.85,0.1,200,"bu","14:28:25",11979400
16.8,0.05,5000,"sd","14:28:24",11979200
16.85,0.1,300,"bu","14:28:24",11974200
16.8,0.05,200,"sd","14:28:24",11973900
16.8,0.05,2500,"sd","14:28:22",11973700
16.8,0.05,1000,"sd","14:28:21",11971200
16.8,0.05,3000,"sd","14:28:20",11970200
16.8,0.05,5100,"sd","14:28:18",11967200
16.8,0.05,2000,"sd","14:28:12",11962100
16.8,0.05,2000,"sd","14:28:12",11960100
16.85,0.1,100,"bu","14:28:11",11958100
16.8,0.05,900,"sd","14:28:10",11958000
16.85,0.1,300,"bu","14:28:09",11957100
16.8,0.05,10000,"sd","14:28:07",11956800
16.8,0.05,500,"sd","14:28:01",11946800
16.8,0.05,500,"sd","14:27:59",11946300
16.85,0.1,300,"bu","14:27:59",11945800
16.8,0.05,500,"sd","14:27:57",11945500
16.85,0.1,3200,"bu","14:27:54",11945000
16.8,0.05,100,"sd","14:27:50",11941800
16.8,0.05,1000,"sd","14:27:48",11941700
16.8,0.05,5000,"sd","14:27:47",11940700
16.8,0.05,10000,"sd","14:27:45",11935700
16.8,0.05,3000,"sd","14:27:44",11925700
16.8,0.05,5000,"sd","14:27:43",11922700
16.8,0.05,100,"sd","14:27:37",11917700
16.85,0.1,1500,"bu","14:27:33",11917600
16.8,0.05,500,"sd","14:27:25",11916100
16.8,0.05,1000,"sd","14:27:24",11915600
16.85,0.1,100,"bu","14:27:23",11914600
16.85,0.1,200,"bu","14:27:17",11914500
16.8,0.05,100,"sd","14:27:17",11914300
16.85,0.1,100,"bu","14:27:11",11914200
16.8,0.05,1000,"sd","14:27:11",11914100
16.8,0.05,30000,"sd","14:27:10",11913100
16.8,0.05,100,"sd","14:27:06",11883100
16.8,0.05,10000,"sd","14:27:00",11883000
16.8,0.05,5000,"sd","14:27:00",11873000
16.8,0.05,500,"sd","14:26:59",11868000
16.85,0.1,1000,"bu","14:26:56",11867500
16.8,0.05,100,"sd","14:26:54",11866500
16.8,0.05,6000,"sd","14:26:51",11861400
16.8,0.05,2000,"sd","14:26:50",11855400
16.85,0.1,100,"bu","14:26:49",11853400
16.8,0.05,200,"sd","14:26:48",11853300
16.8,0.05,1200,"sd","14:26:46",11853100
16.85,0.1,500,"bu","14:26:46",11851900
16.8,0.05,2000,"sd","14:26:44",11851400
16.8,0.05,10000,"sd","14:26:39",11849400
16.8,0.05,22000,"bu","14:26:35",11839400
16.8,0.05,1000,"bu","14:26:32",11817400
16.8,0.05,10000,"bu","14:26:30",11816400
16.8,0.05,500,"bu","14:26:28",11806400
16.8,0.05,3800,"bu","14:26:27",11805900
16.8,0.05,5000,"bu","14:26:26",11802100
16.8,0.05,600,"bu","14:26:25",11797100
16.8,0.05,30000,"bu","14:26:24",11796500
16.8,0.05,100,"bu","14:26:23",11766500
16.8,0.05,11500,"bu","14:26:18",11766400
16.8,0.05,10000,"bu","14:26:17",11754900
16.8,0.05,100,"bu","14:26:15",11744900
16.8,0.05,51000,"bu","14:26:14",11744800
16.8,0.05,4200,"bu","14:26:13",11693800
16.8,0.05,900,"bu","14:26:12",11689600
16.75,0,100,"sd","14:26:12",11688700
16.8,0.05,5000,"bu","14:26:12",11688600
16.8,0.05,7100,"bu","14:26:10",11683600
16.8,0.05,53000,"bu","14:26:09",11676500
16.8,0.05,2100,"bu","14:26:00",11623500
16.8,0.05,8100,"bu","14:25:58",11621400
16.75,0,200,"sd","14:25:54",11613300
16.8,0.05,38700,"bu","14:25:52",11613100
16.8,0.05,11300,"bu","14:25:52",11574400
16.8,0.05,200,"bu","14:25:49",11563100
16.8,0.05,100,"bu","14:25:48",11562900
16.8,0.05,50000,"bu","14:25:42",11562800
16.8,0.05,100,"bu","14:25:40",11512800
16.8,0.05,500,"bu","14:25:37",11512700
16.8,0.05,10000,"bu","14:25:25",11512200
16.75,0,1000,"sd","14:25:22",11502200
16.8,0.05,2600,"bu","14:25:20",11501200
16.8,0.05,200,"bu","14:25:11",11498600
16.8,0.05,600,"bu","14:25:10",11498400
16.8,0.05,2000,"bu","14:25:09",11497800
16.8,0.05,8000,"bu","14:25:05",11495800
16.8,0.05,8400,"bu","14:25:02",11487800
16.8,0.05,500,"bu","14:24:59",11479400
16.8,0.05,1000,"bu","14:24:55",11478900
16.8,0.05,500,"bu","14:24:52",11477900
16.8,0.05,1000,"bu","14:24:50",11477400
16.75,0,100,"sd","14:24:42",11476400
16.8,0.05,800,"bu","14:24:35",11476300
16.8,0.05,300,"bu","14:24:34",11475500
16.8,0.05,100,"bu","14:24:32",11475200
16.8,0.05,10000,"bu","14:24:24",11475100
16.8,0.05,500,"bu","14:24:22",11465100
16.8,0.05,100,"bu","14:24:20",11464600
16.8,0.05,1000,"bu","14:24:14",11464500
16.8,0.05,5200,"sd","14:24:03",11463500
16.8,0.05,1300,"sd","14:24:02",11458300
16.8,0.05,25200,"sd","14:24:00",11457000
16.8,0.05,1000,"sd","14:23:57",11431300
16.8,0.05,5200,"sd","14:23:56",11430300
16.8,0.05,500,"sd","14:23:56",11425100
16.8,0.05,50000,"sd","14:23:54",11424600
16.8,0.05,500,"sd","14:23:45",11374600
16.8,0.05,100,"sd","14:23:42",11374100
16.85,0.1,100,"bu","14:23:41",11374000
16.8,0.05,2000,"sd","14:23:35",11373900
16.8,0.05,400,"sd","14:23:34",11371900
16.8,0.05,200,"sd","14:23:30",11371500
16.85,0.1,100,"bu","14:23:27",11371300
16.8,0.05,200,"sd","14:23:18",11371200
16.8,0.05,1000,"sd","14:23:14",11371000
16.8,0.05,200,"sd","14:23:13",11370000
16.85,0.1,100,"bu","14:23:05",11369800
16.85,0.1,31500,"bu","14:23:02",11369700
16.85,0.1,23500,"bu","14:23:02",11338200
16.8,0.05,4000,"sd","14:23:00",11314700
16.8,0.05,200,"sd","14:22:59",11310700
16.8,0.05,20700,"bu","14:22:58",11310500
16.8,0.05,600,"bu","14:22:57",11289800
16.8,0.05,5000,"bu","14:22:56",11289200
16.75,0,100,"sd","14:22:56",11284200
16.8,0.05,100,"bu","14:22:56",11284100
16.8,0.05,6100,"bu","14:22:55",11284000
16.8,0.05,6200,"bu","14:22:54",11277900
16.8,0.05,2000,"bu","14:22:52",11271600
16.8,0.05,7000,"bu","14:22:51",11269600
16.8,0.05,800,"bu","14:22:49",11259600
16.8,0.05,5000,"bu","14:22:47",11258800
16.8,0.05,1000,"bu","14:22:47",11253800
16.8,0.05,500,"bu","14:22:45",11252800
16.8,0.05,3000,"bu","14:22:45",11252300
16.8,0.05,2000,"bu","14:22:43",11249300
16.8,0.05,10500,"bu","14:22:42",11247300
16.8,0.05,500,"bu","14:22:41",11236800
16.8,0.05,2000,"bu","14:22:41",11236300
16.8,0.05,2800,"bu","14:22:40",11234300
16.8,0.05,5000,"bu","14:22:40",11231500
16.8,0.05,600,"bu","14:22:38",11226500
16.8,0.05,82200,"bu","14:22:37",11225900
16.8,0.05,67800,"bu","14:22:37",11143700
16.8,0.05,500,"bu","14:22:31",11075900
16.8,0.05,500,"bu","14:22:30",11075400
16.8,0.05,100,"bu","14:22:27",11074900
16.8,0.05,10900,"bu","14:22:26",11074800
16.8,0.05,5600,"bu","14:22:19",11063900
16.75,0,200,"sd","14:22:18",11058300
16.8,0.05,4000,"bu","14:22:16",11058100
16.8,0.05,100,"bu","14:22:15",11054100
16.8,0.05,1000,"bu","14:22:14",11054000
16.8,0.05,100,"bu","14:22:14",11053000
16.8,0.05,500,"bu","14:22:12",11052900
16.8,0.05,1000,"bu","14:22:10",11052400
16.75,0,600,"sd","14:22:09",11051400
16.8,0.05,7100,"bu","14:22:09",11050800
16.8,0.05,12900,"bu","14:22:08",11043700
16.8,0.05,100,"bu","14:22:08",11030800
16.8,0.05,100,"bu","14:22:01",11030700
16.8,0.05,1000,"bu","14:21:56",11030600
16.75,0,3000,"sd","14:21:56",11029600
16.8,0.05,100,"bu","14:21:56",11026600
16.8,0.05,100,"bu","14:21:55",11026500
16.8,0.05,50000,"bu","14:21:54",11026400
16.8,0.05,10000,"bu","14:21:53",10976400
16.8,0.05,1000,"bu","14:21:47",10966400
16.75,0,500,"sd","14:21:43",10965400
16.8,0.05,50000,"bu","14:21:41",10964900
16.8,0.05,100,"bu","14:21:40",10914900
16.75,0,2000,"sd","14:21:39",10914800
16.75,0,1000,"sd","14:21:27",10912800
16.75,0,100,"sd","14:21:19",10911800
16.75,0,100,"sd","14:21:07",10911700
16.8,0.05,100,"bu","14:21:07",10911600
16.8,0.05,10000,"bu","14:21:00",10911500
16.75,0,100,"sd","14:20:54",10901500
16.75,0,30000,"sd","14:20:40",10901400
16.8,0.05,100,"bu","14:20:39",10871400
16.75,0,6000,"sd","14:20:36",10871300
16.75,0,500,"sd","14:20:29",10865300
16.8,0.05,100,"bu","14:20:28",10864800
16.75,0,1200,"sd","14:20:24",10864700
16.75,0,1000,"sd","14:20:22",10863500
16.75,0,100,"sd","14:20:12",10862500
16.75,0,3000,"sd","14:19:58",10862400
16.75,0,200,"sd","14:19:55",10859400
16.8,0.05,500,"bu","14:19:43",10859200
16.75,0,1200,"sd","14:19:31",10858700
16.75,0,2300,"bu","14:19:28",10857500
16.75,0,100,"bu","14:19:27",10855200
16.75,0,100,"bu","14:19:23",10855100
16.75,0,600,"sd","14:19:20",10855000
16.75,0,400,"sd","14:19:18",10854400
16.75,0,200,"bu","14:19:17",10854000
16.75,0,100,"bu","14:19:16",10853800
16.75,0,500,"sd","14:19:14",10853700
16.75,0,5000,"sd","14:19:11",10853200
16.75,0,5300,"bu","14:19:08",10848200
16.75,0,18600,"sd","14:19:07",10842900
16.75,0,31400,"bu","14:19:01",10824300
16.75,0,200,"bu","14:19:00",10792900
16.75,0,2000,"bu","14:19:00",10792700
16.75,0,5000,"bu","14:18:46",10790700
16.75,0,50000,"bu","14:18:45",10785700
16.7,-0.05,200,"sd","14:18:43",10735700
16.7,-0.05,500,"sd","14:18:41",10735500
16.75,0,300,"bu","14:18:30",10735000
16.75,0,7100,"bu","14:18:23",10734700
16.75,0,1000,"bu","14:18:19",10727600
16.75,0,100,"bu","14:18:17",10726600
16.75,0,2000,"bu","14:18:15",10726500
16.75,0,100,"bu","14:18:10",10724500
16.75,0,400,"bu","14:18:02",10724400
16.75,0,1100,"sd","14:17:44",10724000
16.75,0,500,"sd","14:17:43",10722900
16.75,0,100,"sd","14:17:42",10722400
16.75,0,5400,"bu","14:17:40",10722300
16.75,0,1000,"bu","14:17:39",10716900
16.75,0,200,"bu","14:17:34",10715900
16.7,-0.05,100,"sd","14:17:31",10715700
16.75,0,2000,"bu","14:17:30",10715600
16.75,0,23800,"sd","14:17:26",10713600
16.75,0,500,"sd","14:17:24",10689800
16.75,0,900,"sd","14:17:23",10689300
16.75,0,1000,"sd","14:17:17",10688400
16.75,0,1500,"sd","14:17:16",10687400
16.75,0,200,"sd","14:17:09",10685900
16.75,0,3300,"bu","14:17:08",10685700
16.75,0,300,"sd","14:17:04",10682400
16.75,0,1000,"sd","14:17:03",10682100
16.75,0,5000,"bu","14:17:00",10680400
16.75,0,4300,"sd","14:16:59",10675400
16.75,0,3000,"bu","14:16:58",10671100
16.75,0,12700,"bu","14:16:57",10668100
16.75,0,62500,"bu","14:16:53",10655400
16.75,0,3500,"bu","14:16:47",10592900
16.75,0,5000,"bu","14:16:39",10589400
16.7,-0.05,2000,"sd","14:16:28",10584400
16.75,0,200,"bu","14:16:20",10582400
16.7,-0.05,200,"sd","14:16:19",10582200
16.75,0,200,"bu","14:16:16",10582000
16.75,0,500,"bu","14:16:14",10581800
16.75,0,4000,"bu","14:15:57",10581300
16.7,-0.05,200,"sd","14:15:49",10577300
16.75,0,1000,"bu","14:15:45",10576400
16.75,0,1000,"bu","14:15:42",10575400
16.75,0,200,"bu","14:15:41",10574400
16.75,0,200,"bu","14:15:37",10574200
16.75,0,8000,"bu","14:15:28",10574000
16.75,0,100,"bu","14:15:27",10566000
16.75,0,1000,"bu","14:15:26",10565900
16.75,0,1000,"bu","14:15:22",10564900
16.75,0,5000,"bu","14:15:19",10563900
16.75,0,100,"bu","14:15:15",10558900
16.7,-0.05,500,"sd","14:15:14",10558800
16.75,0,25900,"bu","14:15:13",10558300
16.75,0,24100,"bu","14:15:13",10532400
16.75,0,10000,"bu","14:15:12",10508300
16.7,-0.05,400,"sd","14:15:07",10498300
16.7,-0.05,900,"sd","14:15:06",10497900
16.75,0,500,"bu","14:14:59",10497000
16.7,-0.05,60000,"sd","14:14:57",10496500
16.75,0,6800,"bu","14:14:48",10436500
16.75,0,3200,"bu","14:14:48",10429700
16.75,0,3000,"bu","14:14:40",10426500
16.75,0,2000,"bu","14:14:31",10423500
16.75,0,200,"bu","14:14:29",10421500
16.75,0,100,"bu","14:14:18",10421300
16.7,-0.05,500,"sd","14:14:09",10421200
16.7,-0.05,100,"sd","14:13:55",10420700
16.7,-0.05,100,"sd","14:13:55",10420600
16.75,0,1000,"bu","14:13:55",10420500
16.75,0,700,"bu","14:13:50",10419500
16.75,0,500,"bu","14:13:47",10418800
16.75,0,2000,"bu","14:13:45",10418300
16.75,0,1000,"bu","14:13:44",10416300
16.75,0,500,"bu","14:13:40",10415300
16.7,-0.05,100,"sd","14:13:40",10414800
16.75,0,3800,"sd","14:13:33",10414700
16.75,0,49900,"bu","14:13:29",10410900
16.75,0,100,"bu","14:13:15",10361000
16.75,0,100,"bu","14:13:09",10360900
16.75,0,2000,"bu","14:13:06",10360800
16.8,0.05,3300,"bu","14:12:49",10358800
16.75,0,51700,"bu","14:12:49",10355500
16.7,-0.05,5000,"sd","14:12:46",10303800
16.75,0,56400,"sd","14:12:39",10298800
16.75,0,500,"sd","14:12:35",10242400
16.75,0,2000,"sd","14:12:34",10241900
16.75,0,100000,"sd","14:12:29",10239900
16.75,0,15000,"sd","14:12:29",10139900
16.8,0.05,100,"bu","14:12:25",10124900
16.8,0.05,600,"bu","14:12:24",10124800
16.8,0.05,100,"bu","14:12:17",10124200
16.8,0.05,200,"bu","14:12:16",10124100
16.8,0.05,10000,"bu","14:11:59",10123900
16.75,0,1000,"sd","14:11:56",10113900
16.8,0.05,2200,"bu","14:11:49",10112900
16.8,0.05,700,"bu","14:11:48",10110700
16.8,0.05,700,"bu","14:11:36",10110000
16.8,0.05,3000,"bu","14:11:34",10109300
16.8,0.05,300,"bu","14:11:34",10106300
16.75,0,10000,"sd","14:11:26",10106000
16.8,0.05,8000,"bu","14:11:20",10096000
16.8,0.05,200,"bu","14:11:17",10088000
16.75,0,2000,"sd","14:11:12",10087800
16.8,0.05,300,"bu","14:11:03",10085800
16.75,0,2000,"sd","14:10:42",10085500
16.75,0,3000,"sd","14:10:37",10083500
16.75,0,2000,"sd","14:10:33",10080500
16.75,0,100,"sd","14:10:24",10078500
16.75,0,2000,"sd","14:10:18",10078400
16.75,0,6000,"sd","14:10:12",10076400
16.75,0,1800,"sd","14:09:48",10070400
16.75,0,1000,"sd","14:09:32",10068600
16.75,0,300,"sd","14:09:24",10067600
16.75,0,1000,"sd","14:09:13",10067300
16.75,0,1000,"sd","14:09:06",10066300
16.75,0,300,"sd","14:09:00",10065300
16.75,0,500,"sd","14:08:59",10065000
16.75,0,1500,"sd","14:08:46",10064500
16.75,0,1000,"sd","14:08:41",10063000
16.75,0,1000,"sd","14:08:28",10062000
16.8,0.05,700,"bu","14:08:24",10061000
16.75,0,500,"sd","14:08:23",10060300
16.8,0.05,300,"bu","14:08:20",10059800
16.8,0.05,200,"bu","14:08:01",10059500
16.8,0.05,500,"bu","14:07:39",10059300
16.8,0.05,5000,"bu","14:07:39",10058800
16.8,0.05,100,"bu","14:07:35",10053800
16.8,0.05,100,"bu","14:07:32",10053700
16.8,0.05,1000,"bu","14:07:24",10053600
16.8,0.05,200,"bu","14:07:13",10052600
16.8,0.05,500,"bu","14:06:58",10052400
16.8,0.05,3000,"bu","14:06:56",10051900
16.8,0.05,38600,"sd","14:06:52",10048900
16.8,0.05,500,"sd","14:06:51",10010300
16.8,0.05,1000,"sd","14:06:48",10009800
16.8,0.05,500,"sd","14:06:46",10008800
16.8,0.05,1800,"sd","14:06:45",10008300
16.8,0.05,6100,"sd","14:06:41",10006500
16.8,0.05,400,"sd","14:06:37",10000400
16.8,0.05,200,"sd","14:06:28",10000000
16.8,0.05,100,"sd","14:06:25",9999800
16.8,0.05,2100,"sd","14:06:18",9999700
16.8,0.05,10500,"sd","14:06:17",9997600
16.85,0.1,200,"bu","14:06:16",9987100
16.8,0.05,100,"sd","14:06:08",9986900
16.8,0.05,9000,"sd","14:06:05",9986800
16.85,0.1,100,"bu","14:06:02",9977800
16.8,0.05,5400,"bu","14:05:54",9977700
16.8,0.05,15300,"bu","14:05:53",9972300
16.8,0.05,10100,"bu","14:05:47",9957000
16.8,0.05,2000,"bu","14:05:45",9946900
16.8,0.05,13000,"bu","14:05:44",9944900
16.8,0.05,57100,"bu","14:05:42",9931900
16.8,0.05,100,"bu","14:05:40",9874800
16.8,0.05,1700,"bu","14:05:38",9874700
16.8,0.05,4500,"bu","14:05:36",9873000
16.8,0.05,4600,"bu","14:05:35",9868500
16.8,0.05,6000,"bu","14:05:35",9863900
16.8,0.05,200000,"bu","14:05:31",9857900
16.8,0.05,100,"bu","14:05:29",9657900
16.8,0.05,29500,"bu","14:05:23",9657800
16.8,0.05,1300,"bu","14:05:22",9628300
16.8,0.05,100,"bu","14:05:22",9627000
16.8,0.05,100,"bu","14:05:21",9626900
16.8,0.05,50000,"bu","14:05:16",9626800
16.8,0.05,10500,"bu","14:05:03",9576800
16.75,0,2000,"sd","14:04:56",9566300
16.8,0.05,100,"bu","14:04:55",9564300
16.8,0.05,9600,"bu","14:04:51",9564200
16.8,0.05,100,"bu","14:04:45",9554600
16.8,0.05,10000,"bu","14:04:42",9554500
16.8,0.05,100,"bu","14:04:35",9544500
16.8,0.05,100,"bu","14:04:27",9544400
16.8,0.05,3300,"bu","14:04:15",9544300
16.8,0.05,100,"bu","14:04:13",9541000
16.75,0,1000,"sd","14:04:07",9540900
16.75,0,23400,"bu","14:04:06",9539900
16.75,0,5300,"bu","14:04:04",9516500
16.75,0,5000,"bu","14:04:03",9511200
16.75,0,6200,"bu","14:04:02",9506200
16.75,0,100,"bu","14:04:02",9500000
16.75,0,5100,"bu","14:04:01",9499900
16.75,0,39000,"bu","14:04:01",9494800
16.75,0,1000,"bu","14:04:00",9455800
16.75,0,8500,"bu","14:03:59",9454800
16.75,0,5000,"bu","14:03:59",9446300
16.75,0,3500,"bu","14:03:58",9441300
16.75,0,5000,"bu","14:03:57",9437800
16.75,0,15000,"bu","14:03:57",9432800
16.75,0,11500,"bu","14:03:56",9417800
16.75,0,11000,"bu","14:03:55",9406300
16.75,0,5000,"bu","14:03:54",9395300
16.75,0,3000,"bu","14:03:54",9390300
16.75,0,10000,"bu","14:03:52",9387300
16.75,0,2000,"bu","14:03:50",9377300
16.75,0,7000,"bu","14:03:50",9375300
16.75,0,35000,"bu","14:03:49",9368300
16.75,0,500,"bu","14:03:49",9333300
16.75,0,2000,"bu","14:03:48",9332800
16.75,0,200,"bu","14:03:47",9330800
16.75,0,87900,"bu","14:03:44",9330600
16.75,0,500,"bu","14:03:42",9242700
16.75,0,5000,"bu","14:03:40",9242200
16.75,0,2000,"bu","14:03:39",9237200
16.75,0,100,"bu","14:03:38",9235200
16.75,0,200,"bu","14:03:20",9235100
16.75,0,2000,"bu","14:03:18",9234900
16.75,0,100,"bu","14:03:11",9232900
16.75,0,1000,"bu","14:03:02",9232800
16.75,0,500,"bu","14:03:01",9231800
16.75,0,5000,"bu","14:02:59",9231300
16.75,0,100,"bu","14:02:50",9226300
16.75,0,3500,"bu","14:02:49",9226200
16.75,0,20000,"bu","14:02:45",9222700
16.75,0,1000,"bu","14:02:38",9202700
16.75,0,100,"bu","14:02:25",9201700
16.7,-0.05,5000,"sd","14:02:18",9201600
16.7,-0.05,100,"sd","14:02:09",9196600
16.75,0,3000,"bu","14:02:04",9196500
16.75,0,2000,"bu","14:02:01",9193500
16.7,-0.05,20000,"sd","14:01:57",9191500
16.75,0,1000,"bu","14:01:53",9171500
16.75,0,3000,"bu","14:01:45",9170500
16.75,0,5000,"bu","14:01:37",9167500
16.75,0,1000,"bu","14:01:26",9162500
16.75,0,20000,"bu","14:01:21",9161500
16.75,0,20000,"bu","14:01:15",9141500
16.75,0,1000,"bu","14:01:11",9121500
16.75,0,10000,"bu","14:01:11",9120500
16.75,0,2000,"bu","14:01:06",9110500
16.75,0,100,"bu","14:00:35",9108500
16.75,0,1400,"bu","14:00:17",9108400
16.75,0,100,"bu","14:00:06",9107000
16.7,-0.05,100,"sd","13:59:58",9106900
16.7,-0.05,1000,"sd","13:59:56",9106800
16.75,0,12400,"bu","13:59:54",9105800
16.7,-0.05,3000,"sd","13:59:34",9093400
16.75,0,1400,"bu","13:59:11",9090400
16.75,0,100,"bu","13:59:03",9089000
16.75,0,5000,"bu","13:58:37",9088900
16.7,-0.05,300,"sd","13:58:33",9083900
16.7,-0.05,1000,"sd","13:58:32",9083600
16.7,-0.05,1500,"sd","13:58:30",9082600
16.75,0,5000,"bu","13:58:23",9081100
16.7,-0.05,1000,"sd","13:58:22",9076100
16.7,-0.05,400,"sd","13:58:20",9075100
16.7,-0.05,1000,"sd","13:58:18",9074700
16.7,-0.05,1400,"sd","13:58:14",9073700
16.7,-0.05,600,"sd","13:58:14",9072300
16.75,0,300,"bu","13:58:13",9071700
16.7,-0.05,1000,"sd","13:58:11",9071400
16.7,-0.05,10000,"sd","13:58:06",9070400
16.7,-0.05,300,"sd","13:58:02",9060400
16.7,-0.05,3000,"sd","13:58:01",9060100
16.7,-0.05,900,"bu","13:57:58",9057100
16.7,-0.05,7000,"bu","13:57:57",9056200
16.65,-0.1,5900,"sd","13:57:55",9049200
16.7,-0.05,100,"bu","13:57:43",9043300
16.7,-0.05,2000,"bu","13:57:40",9043200
16.7,-0.05,2000,"bu","13:57:39",9041200
16.7,-0.05,1000,"bu","13:57:38",9039200
16.7,-0.05,500,"bu","13:57:37",9038200
16.7,-0.05,100,"bu","13:57:34",9037700
16.7,-0.05,5000,"bu","13:57:32",9037600
16.7,-0.05,100,"bu","13:57:26",9032600
16.7,-0.05,500,"bu","13:57:23",9032500
16.7,-0.05,1000,"bu","13:57:12",9032000
16.7,-0.05,500,"bu","13:57:11",9031000
16.7,-0.05,19000,"sd","13:57:09",9030500
16.7,-0.05,300,"sd","13:57:07",9011500
16.7,-0.05,3800,"sd","13:57:05",9011200
16.7,-0.05,500,"sd","13:57:04",9007400
16.7,-0.05,1900,"sd","13:57:02",9006900
16.7,-0.05,3200,"sd","13:56:57",9005000
16.7,-0.05,500,"sd","13:56:50",9001800
16.7,-0.05,1000,"sd","13:56:49",9001300
16.7,-0.05,6200,"sd","13:56:47",9000300
16.7,-0.05,1000,"sd","13:56:45",8994100
16.7,-0.05,1800,"sd","13:56:44",8993100
16.7,-0.05,5000,"sd","13:56:41",8991300
16.7,-0.05,4400,"sd","13:56:36",8986300
16.7,-0.05,22900,"sd","13:56:34",8981900
16.7,-0.05,1000,"sd","13:56:28",8959000
16.7,-0.05,1000,"sd","13:56:24",8958000
16.7,-0.05,5600,"bu","13:56:19",8957000
16.65,-0.1,500,"sd","13:56:08",8951400
16.65,-0.1,500,"sd","13:56:08",8950900
16.7,-0.05,4000,"bu","13:56:05",8950400
16.65,-0.1,7000,"sd","13:56:00",8946400
16.7,-0.05,6000,"bu","13:55:59",8939400
16.7,-0.05,8000,"bu","13:55:58",8933400
16.65,-0.1,900,"sd","13:55:53",8925400
16.7,-0.05,1100,"bu","13:55:53",8924500
16.7,-0.05,300,"bu","13:55:52",8923400
16.7,-0.05,86600,"bu","13:55:49",8923100
16.7,-0.05,15000,"bu","13:55:37",8836500
16.7,-0.05,5000,"bu","13:55:24",8821500
16.7,-0.05,10000,"bu","13:55:12",8816500
16.7,-0.05,200,"bu","13:55:02",8806500
16.7,-0.05,300,"bu","13:55:02",8806300
16.7,-0.05,1000,"bu","13:55:01",8806000
16.7,-0.05,100,"bu","13:55:00",8805000
16.7,-0.05,1000,"bu","13:54:48",8804900
16.7,-0.05,500,"bu","13:54:46",8803900
16.7,-0.05,200,"bu","13:54:43",8803400
16.7,-0.05,2000,"bu","13:54:38",8803200
16.7,-0.05,10000,"sd","13:54:36",8801200
16.7,-0.05,91000,"bu","13:54:33",8791200
16.7,-0.05,1400,"bu","13:54:28",8700200
16.7,-0.05,200,"bu","13:54:26",8698800
16.7,-0.05,1500,"bu","13:54:25",8698600
16.7,-0.05,5000,"bu","13:54:15",8697100
16.7,-0.05,1000,"bu","13:54:15",8692100
16.7,-0.05,100,"bu","13:54:12",8691100
16.7,-0.05,200,"bu","13:54:10",8691000
16.7,-0.05,100,"bu","13:54:09",8690800
16.7,-0.05,200,"bu","13:54:04",8690700
16.7,-0.05,100,"bu","13:53:59",8690500
16.7,-0.05,100,"bu","13:53:53",8690400
16.7,-0.05,1000,"bu","13:53:46",8690300
16.7,-0.05,100,"bu","13:53:39",8689300
16.7,-0.05,300,"bu","13:53:35",8689200
16.7,-0.05,1200,"bu","13:53:29",8688900
16.65,-0.1,1000,"sd","13:53:27",8687700
16.7,-0.05,1500,"bu","13:53:18",8686700
16.7,-0.05,4400,"sd","13:53:03",8685200
16.7,-0.05,11200,"sd","13:53:02",8680800
16.7,-0.05,300,"sd","13:52:59",8669600
16.7,-0.05,400,"sd","13:52:53",8669300
16.7,-0.05,7000,"sd","13:52:52",8668900
16.7,-0.05,12900,"sd","13:52:46",8661900
16.7,-0.05,5300,"sd","13:52:45",8649000
16.7,-0.05,3200,"sd","13:52:42",8643700
16.7,-0.05,200,"sd","13:52:41",8640500
16.7,-0.05,2000,"sd","13:52:23",8640300
16.7,-0.05,900,"sd","13:52:19",8638300
16.7,-0.05,1000,"sd","13:52:13",8637400
16.7,-0.05,500,"sd","13:52:12",8636400
16.7,-0.05,3000,"sd","13:52:09",8635900
16.7,-0.05,500,"sd","13:52:06",8632900
16.7,-0.05,900,"sd","13:52:01",8632400
16.7,-0.05,5000,"sd","13:52:00",8631500
16.75,0,6000,"bu","13:51:54",8626500
16.7,-0.05,2500,"sd","13:51:52",8620500
16.7,-0.05,2000,"sd","13:51:49",8618000
16.7,-0.05,2700,"sd","13:51:48",8616000
16.7,-0.05,4000,"sd","13:51:46",8613300
16.7,-0.05,10000,"sd","13:51:44",8609300
16.7,-0.05,2000,"sd","13:51:42",8599300
16.7,-0.05,200,"sd","13:51:36",8597300
16.7,-0.05,2000,"sd","13:51:29",8597100
16.7,-0.05,2000,"sd","13:51:22",8595100
16.7,-0.05,2200,"sd","13:51:17",8593100
16.7,-0.05,300,"sd","13:51:13",8590900
16.7,-0.05,5000,"sd","13:50:54",8590600
16.7,-0.05,300,"sd","13:50:38",8585600
16.7,-0.05,300,"sd","13:50:34",8585300
16.7,-0.05,17300,"bu","13:50:30",8585000
16.7,-0.05,3500,"sd","13:50:27",8567700
16.7,-0.05,2000,"sd","13:50:21",8564200
16.7,-0.05,14700,"bu","13:50:19",8562200
16.7,-0.05,200,"bu","13:50:17",8547500
16.7,-0.05,100,"bu","13:50:16",8547300
16.7,-0.05,1400,"bu","13:50:14",8547200
16.7,-0.05,2000,"bu","13:50:10",8545800
16.7,-0.05,1000,"bu","13:50:02",8543800
16.7,-0.05,4000,"bu","13:50:00",8542800
16.7,-0.05,20400,"bu","13:49:39",8538800
16.7,-0.05,8000,"sd","13:49:26",8518400
16.7,-0.05,5000,"sd","13:49:24",8510400
16.7,-0.05,1000,"sd","13:49:23",8505400
16.7,-0.05,22500,"sd","13:49:20",8504400
16.7,-0.05,500,"sd","13:49:19",8481900
16.7,-0.05,500,"sd","13:49:17",8481400
16.7,-0.05,66300,"sd","13:49:09",8480900
16.7,-0.05,4000,"sd","13:49:05",8414600
16.7,-0.05,100,"sd","13:49:02",8410600
16.7,-0.05,100,"sd","13:48:51",8410500
16.7,-0.05,15000,"sd","13:48:49",8410400
16.7,-0.05,100,"sd","13:48:48",8395400
16.7,-0.05,1000,"sd","13:48:46",8395300
16.7,-0.05,4500,"sd","13:48:43",8394300
16.7,-0.05,1000,"sd","13:48:41",8389800
16.7,-0.05,3000,"sd","13:48:24",8388800
16.7,-0.05,400,"sd","13:48:19",8385800
16.7,-0.05,500,"sd","13:48:07",8385400
16.7,-0.05,16200,"bu","13:47:56",8384900
16.7,-0.05,200,"bu","13:47:51",8368700
16.7,-0.05,1000,"bu","13:47:49",8368500
16.7,-0.05,400,"bu","13:47:49",8367500
16.7,-0.05,2000,"bu","13:47:48",8367100
16.7,-0.05,500,"bu","13:47:46",8365100
16.7,-0.05,4200,"sd","13:47:31",8364600
16.7,-0.05,4100,"bu","13:47:29",8360400
16.7,-0.05,600,"bu","13:47:20",8356300
16.7,-0.05,1600,"bu","13:47:18",8355700
16.7,-0.05,2100,"bu","13:47:13",8354100
16.7,-0.05,2000,"bu","13:47:11",8352000
16.7,-0.05,100,"bu","13:47:10",8350000
16.7,-0.05,200,"bu","13:47:10",8349900
16.7,-0.05,900,"bu","13:47:07",8349700
16.7,-0.05,100,"bu","13:47:07",8348800
16.7,-0.05,2000,"bu","13:46:59",8348700
16.7,-0.05,500,"bu","13:46:58",8346700
16.7,-0.05,500,"bu","13:46:57",8346200
16.7,-0.05,300,"bu","13:46:54",8345700
16.7,-0.05,500,"bu","13:46:46",8345400
16.7,-0.05,5100,"sd","13:46:45",8344900
16.7,-0.05,400,"bu","13:46:40",8339800
16.7,-0.05,400,"sd","13:46:35",8339400
16.7,-0.05,600,"bu","13:46:27",8339000
16.7,-0.05,400,"sd","13:46:24",8338400
16.7,-0.05,100,"bu","13:46:23",8338000
16.7,-0.05,200,"bu","13:46:22",8337900
16.7,-0.05,2000,"bu","13:46:21",8337700
16.7,-0.05,1000,"bu","13:46:21",8335700
16.7,-0.05,300,"bu","13:46:20",8334700
16.7,-0.05,500,"bu","13:46:05",8334400
16.7,-0.05,500,"bu","13:46:00",8333900
16.7,-0.05,400,"sd","13:45:44",8333400
16.7,-0.05,1000,"sd","13:45:42",8333000
16.7,-0.05,8600,"bu","13:45:39",8332000
16.7,-0.05,7400,"sd","13:45:36",8323400
16.7,-0.05,1000,"sd","13:45:31",8316000
16.7,-0.05,100,"sd","13:45:29",8315000
16.7,-0.05,1000,"sd","13:45:28",8314900
16.7,-0.05,5600,"sd","13:45:25",8313900
16.7,-0.05,500,"sd","13:45:23",8308300
16.7,-0.05,1000,"sd","13:45:19",8307800
16.7,-0.05,1000,"sd","13:45:16",8306800
16.7,-0.05,5000,"sd","13:45:13",8305800
16.7,-0.05,30400,"sd","13:45:10",8300800
16.7,-0.05,100,"sd","13:45:09",8270400
16.7,-0.05,500,"sd","13:45:07",8270300
16.7,-0.05,1000,"sd","13:45:04",8269800
16.7,-0.05,700,"sd","13:45:02",8268800
16.7,-0.05,8600,"sd","13:45:00",8268100
16.7,-0.05,1000,"sd","13:44:59",8259500
16.7,-0.05,100,"sd","13:44:58",8258500
16.7,-0.05,5000,"sd","13:44:56",8258400
16.7,-0.05,1000,"sd","13:44:53",8253400
16.7,-0.05,7000,"sd","13:44:51",8252400
16.7,-0.05,10000,"sd","13:44:35",8245400
16.7,-0.05,100,"sd","13:44:35",8235400
16.7,-0.05,1000,"sd","13:44:28",8235300
16.7,-0.05,500,"sd","13:44:24",8234300
16.7,-0.05,10000,"sd","13:44:24",8233800
16.7,-0.05,400,"sd","13:44:23",8223800
16.7,-0.05,2900,"sd","13:44:18",8223400
16.7,-0.05,500,"sd","13:44:15",8220500
16.7,-0.05,20000,"sd","13:44:10",8220000
16.7,-0.05,1000,"sd","13:44:07",8200000
16.7,-0.05,200,"sd","13:44:03",8199000
16.7,-0.05,10000,"sd","13:44:02",8198800
16.7,-0.05,1000,"sd","13:43:58",8188800
16.7,-0.05,800,"sd","13:43:44",8187800
16.7,-0.05,200,"sd","13:43:41",8187000
16.7,-0.05,5000,"sd","13:43:26",8186800
16.7,-0.05,100,"sd","13:43:18",8181800
16.7,-0.05,200,"sd","13:43:09",8181700
16.7,-0.05,1500,"sd","13:42:46",8181500
16.7,-0.05,200,"sd","13:42:45",8180000
16.7,-0.05,100,"sd","13:42:17",8179800
16.7,-0.05,300,"sd","13:42:12",8179700
16.75,0,1000,"bu","13:42:09",8179400
16.7,-0.05,20000,"sd","13:42:06",8178400
16.7,-0.05,500,"sd","13:41:57",8158400
16.7,-0.05,600,"sd","13:41:50",8157900
16.7,-0.05,2500,"sd","13:41:37",8157300
16.7,-0.05,500,"sd","13:41:16",8154800
16.7,-0.05,3000,"sd","13:41:12",8154300
16.7,-0.05,3900,"bu","13:41:08",8151300
16.7,-0.05,100,"bu","13:41:07",8147400
16.7,-0.05,2000,"bu","13:41:06",8147300
16.7,-0.05,200,"bu","13:41:02",8145300
16.7,-0.05,100,"sd","13:41:00",8145100
16.7,-0.05,300,"sd","13:40:53",8145000
16.7,-0.05,100,"bu","13:40:49",8144700
16.7,-0.05,12000,"bu","13:40:48",8144600
16.7,-0.05,100,"bu","13:40:45",8132600
16.7,-0.05,3000,"bu","13:40:44",8132500
16.7,-0.05,1000,"bu","13:40:43",8129500
16.7,-0.05,1000,"bu","13:40:40",8128500
16.7,-0.05,300,"bu","13:40:39",8127500
16.65,-0.1,1000,"sd","13:40:38",8127200
16.7,-0.05,15000,"bu","13:40:36",8126200
16.7,-0.05,25000,"bu","13:40:32",8111200
16.7,-0.05,300,"bu","13:40:28",8086200
16.7,-0.05,100,"bu","13:40:27",8085900
16.7,-0.05,200,"bu","13:40:21",8085800
16.65,-0.1,100,"sd","13:40:20",8085600
16.7,-0.05,500,"bu","13:40:19",8085500
16.7,-0.05,2000,"bu","13:40:17",8085000
16.7,-0.05,100,"bu","13:40:07",8083000
16.7,-0.05,3000,"bu","13:40:00",8082900
16.7,-0.05,500,"bu","13:40:00",8079900
16.7,-0.05,1500,"bu","13:39:53",8079400
16.7,-0.05,500,"bu","13:39:47",8077900
16.7,-0.05,100,"bu","13:39:47",8077400
16.7,-0.05,8700,"bu","13:39:40",8077300
16.7,-0.05,5000,"bu","13:39:38",8068600
16.7,-0.05,500,"bu","13:39:30",8063600
16.7,-0.05,100,"bu","13:39:26",8063100
16.7,-0.05,2000,"bu","13:39:24",8063000
16.7,-0.05,1000,"bu","13:39:13",8061000
16.7,-0.05,200,"bu","13:39:10",8060000
16.7,-0.05,500,"bu","13:39:08",8059800
16.7,-0.05,200,"bu","13:39:00",8059300
16.65,-0.1,400,"sd","13:38:53",8059100
16.7,-0.05,100,"bu","13:38:46",8058700
16.7,-0.05,1000,"bu","13:38:46",8058600
16.7,-0.05,1000,"bu","13:38:42",8057600
16.7,-0.05,500,"bu","13:38:37",8056600
16.7,-0.05,1100,"bu","13:38:33",8056100
16.7,-0.05,500,"bu","13:38:22",8055000
16.65,-0.1,300,"sd","13:38:20",8054500
16.7,-0.05,1900,"bu","13:38:18",8054200
16.7,-0.05,300,"bu","13:38:07",8052300
16.7,-0.05,500,"bu","13:38:06",8052000
16.7,-0.05,1000,"bu","13:38:00",8051500
16.7,-0.05,100,"bu","13:37:57",8050500
16.7,-0.05,500,"bu","13:37:53",8050400
16.7,-0.05,62400,"sd","13:37:52",8049900
16.7,-0.05,200,"sd","13:37:51",7987500
16.7,-0.05,2000,"sd","13:37:50",7987300
16.7,-0.05,10000,"sd","13:37:49",7985300
16.7,-0.05,300,"sd","13:37:48",7975300
16.7,-0.05,10100,"sd","13:37:47",7975000
16.7,-0.05,5500,"sd","13:37:46",7964900
16.7,-0.05,20900,"sd","13:37:42",7959400
16.7,-0.05,10000,"sd","13:37:40",7938500
16.7,-0.05,4400,"sd","13:37:40",7928500
16.7,-0.05,4000,"sd","13:37:31",7924100
16.7,-0.05,200,"sd","13:37:23",7920100
16.7,-0.05,10000,"sd","13:37:17",7919900
16.7,-0.05,600,"sd","13:37:16",7909900
16.7,-0.05,5000,"sd","13:37:05",7909300
16.75,0,1000,"bu","13:37:03",7904300
16.7,-0.05,5100,"sd","13:37:02",7903300
16.7,-0.05,8500,"sd","13:37:01",7898200
16.7,-0.05,1000,"sd","13:36:58",7889700
16.7,-0.05,500,"sd","13:36:52",7888700
16.7,-0.05,1000,"sd","13:36:44",7888200
16.75,0,5300,"bu","13:36:42",7887200
16.7,-0.05,500,"sd","13:36:16",7881900
16.7,-0.05,10000,"sd","13:36:05",7881400
16.7,-0.05,500,"sd","13:35:55",7871400
16.7,-0.05,400,"sd","13:35:51",7870900
16.7,-0.05,10000,"sd","13:35:48",7870500
16.7,-0.05,400,"sd","13:35:43",7860500
16.7,-0.05,2100,"sd","13:35:35",7860100
16.7,-0.05,1000,"sd","13:35:31",7858000
16.7,-0.05,9500,"sd","13:35:30",7857000
16.75,0,500,"bu","13:35:30",7847500
16.7,-0.05,1000,"sd","13:35:20",7847000
16.7,-0.05,2000,"sd","13:35:16",7846000
16.7,-0.05,500,"sd","13:35:14",7844000
16.7,-0.05,1000,"sd","13:35:03",7843500
16.7,-0.05,4000,"sd","13:34:45",7842500
16.7,-0.05,100,"sd","13:34:42",7838500
16.7,-0.05,400,"sd","13:34:35",7838400
16.7,-0.05,45600,"sd","13:34:33",7838000
16.7,-0.05,1000,"sd","13:34:08",7792400
16.7,-0.05,300,"sd","13:34:01",7791400
16.75,0,43000,"bu","13:34:01",7791100
16.7,-0.05,500,"sd","13:33:55",7748100
16.7,-0.05,100,"sd","13:33:50",7747600
16.75,0,300,"bu","13:33:41",7747500
16.75,0,3000,"bu","13:33:21",7747200
16.7,-0.05,2000,"sd","13:33:10",7744200
16.75,0,100,"bu","13:33:06",7742200
16.7,-0.05,2000,"sd","13:32:59",7742100
16.7,-0.05,5100,"sd","13:32:52",7740100
16.7,-0.05,2000,"sd","13:32:48",7735000
16.7,-0.05,2000,"sd","13:32:45",7733000
16.7,-0.05,100,"sd","13:32:20",7731000
16.7,-0.05,100,"sd","13:32:07",7730900
16.75,0,2000,"bu","13:32:04",7730800
16.7,-0.05,200,"sd","13:32:00",7728800
16.7,-0.05,500,"sd","13:31:57",7728600
16.75,0,100,"bu","13:31:17",7728100
16.75,0,600,"bu","13:31:16",7728000
16.75,0,2000,"bu","13:31:11",7727400
16.7,-0.05,1000,"sd","13:31:05",7725400
16.75,0,2000,"bu","13:31:00",7724400
16.7,-0.05,2100,"sd","13:30:49",7722400
16.75,0,1100,"bu","13:30:38",7720300
16.75,0,900,"bu","13:30:32",7719200
16.75,0,500,"bu","13:30:30",7718300
16.7,-0.05,100,"sd","13:30:29",7717800
16.7,-0.05,1000,"sd","13:30:25",7717700
16.7,-0.05,2000,"sd","13:30:21",7716700
16.75,0,1200,"bu","13:30:21",7714700
16.7,-0.05,100,"sd","13:30:12",7713500
16.7,-0.05,2000,"sd","13:30:08",7713400
16.75,0,100,"bu","13:30:04",7711400
16.75,0,300,"bu","13:29:59",7711300
16.75,0,5000,"bu","13:29:57",7711000
16.75,0,600,"bu","13:29:54",7706000
16.75,0,100,"bu","13:29:46",7705400
16.75,0,200,"bu","13:29:29",7705300
16.7,-0.05,100,"sd","13:29:27",7705100
16.75,0,100,"bu","13:29:22",7705000
16.75,0,300,"bu","13:29:16",7704900
16.75,0,300,"bu","13:29:14",7704600
16.7,-0.05,100,"sd","13:29:00",7704300
16.75,0,1000,"bu","13:28:58",7704200
16.75,0,1100,"sd","13:28:57",7703200
16.75,0,3900,"sd","13:28:56",7702100
16.75,0,600,"sd","13:28:56",7698200
16.75,0,16500,"sd","13:28:55",7697600
16.75,0,65500,"sd","13:28:54",7681100
16.75,0,2100,"sd","13:28:52",7615600
16.75,0,500,"sd","13:28:51",7613500
16.75,0,500,"sd","13:28:45",7613000
16.75,0,18800,"sd","13:28:44",7612500
16.75,0,10000,"sd","13:28:39",7593700
16.8,0.05,1000,"bu","13:28:34",7583600
16.8,0.05,200,"bu","13:28:26",7582600
16.75,0,20000,"sd","13:28:25",7582400
16.8,0.05,200,"bu","13:28:19",7562400
16.8,0.05,100,"bu","13:28:17",7562200
16.75,0,2000,"sd","13:28:13",7562100
16.8,0.05,100,"bu","13:28:10",7560100
16.75,0,1000,"sd","13:28:08",7560000
16.75,0,1700,"sd","13:28:05",7559000
16.75,0,2100,"sd","13:28:03",7557300
16.75,0,3000,"sd","13:27:57",7555200
16.8,0.05,100,"bu","13:27:55",7552200
16.8,0.05,5000,"bu","13:27:49",7552100
16.75,0,1000,"sd","13:27:43",7547100
16.8,0.05,100,"bu","13:27:40",7546100
16.8,0.05,300,"bu","13:27:33",7546000
16.8,0.05,5600,"bu","13:27:32",7545700
16.75,0,6500,"sd","13:27:30",7540100
16.8,0.05,100,"bu","13:27:25",7533600
16.75,0,30000,"sd","13:27:24",7533500
16.8,0.05,5000,"bu","13:27:22",7503500
16.8,0.05,400,"bu","13:27:20",7498500
16.8,0.05,100,"bu","13:27:17",7498100
16.75,0,200,"sd","13:27:09",7498000
16.8,0.05,2000,"bu","13:27:08",7497800
16.8,0.05,300,"bu","13:27:00",7495800
16.8,0.05,100,"bu","13:26:59",7495500
16.75,0,5000,"sd","13:26:58",7495400
16.8,0.05,100,"bu","13:26:50",7490400
16.8,0.05,100,"bu","13:26:39",7490300
16.8,0.05,100,"bu","13:26:37",7490200
16.8,0.05,200,"bu","13:26:31",7490100
16.8,0.05,1000,"bu","13:26:22",7489900
16.8,0.05,2000,"bu","13:26:18",7488900
16.8,0.05,100,"bu","13:26:15",7486900
16.8,0.05,100,"bu","13:26:07",7486800
16.8,0.05,100,"bu","13:26:05",7486700
16.8,0.05,2000,"bu","13:26:01",7486600
16.8,0.05,200,"bu","13:26:00",7484600
16.75,0,14000,"sd","13:25:59",7484400
16.8,0.05,100,"bu","13:25:53",7470400
16.8,0.05,3300,"bu","13:25:49",7470300
16.8,0.05,500,"bu","13:25:45",7467000
16.8,0.05,100,"bu","13:25:40",7466500
16.8,0.05,3000,"bu","13:25:38",7466400
16.8,0.05,100,"bu","13:25:35",7463400
16.8,0.05,200,"bu","13:25:32",7463300
16.8,0.05,1000,"bu","13:25:29",7463100
16.8,0.05,100,"bu","13:25:20",7462100
16.8,0.05,3000,"bu","13:25:16",7462000
16.8,0.05,100,"bu","13:25:12",7459000
16.8,0.05,100,"bu","13:25:10",7458900
16.8,0.05,5500,"bu","13:25:06",7458800
16.8,0.05,100,"bu","13:25:05",7453300
16.75,0,7200,"sd","13:25:04",7453200
16.8,0.05,100,"bu","13:24:57",7446000
16.75,0,13500,"sd","13:24:57",7445900
16.8,0.05,6300,"bu","13:24:55",7432400
16.8,0.05,35000,"bu","13:24:51",7426100
16.8,0.05,600,"bu","13:24:51",7391100
16.75,0,500,"sd","13:24:46",7390500
16.8,0.05,1000,"bu","13:24:45",7390000
16.8,0.05,700,"bu","13:24:42",7389000
16.8,0.05,800,"bu","13:24:39",7388300
16.8,0.05,100,"bu","13:24:25",7387500
16.75,0,35000,"sd","13:24:24",7387400
16.75,0,1000,"sd","13:24:23",7352400
16.8,0.05,300,"bu","13:24:19",7351400
16.8,0.05,100,"bu","13:24:17",7351100
16.8,0.05,9500,"bu","13:24:13",7351000
16.8,0.05,190500,"bu","13:24:13",7341500
16.8,0.05,500,"bu","13:23:57",7151000
16.8,0.05,100,"bu","13:23:55",7150500
16.8,0.05,1400,"bu","13:23:51",7150400
16.75,0,600,"sd","13:23:48",7149000
16.8,0.05,100,"bu","13:23:36",7148400
16.8,0.05,2800,"bu","13:23:32",7148300
16.75,0,500,"sd","13:23:30",7145500
16.75,0,2800,"sd","13:23:29",7145000
16.75,0,1000,"sd","13:23:16",7142200
16.8,0.05,200,"bu","13:23:12",7141200
16.8,0.05,1000,"bu","13:23:01",7141000
16.75,0,1000,"sd","13:23:00",7140000
16.8,0.05,1000,"bu","13:22:59",7139000
16.8,0.05,2200,"bu","13:22:56",7138000
16.8,0.05,100,"bu","13:22:55",7135800
16.8,0.05,500,"bu","13:22:54",7135700
16.8,0.05,500,"bu","13:22:49",7135200
16.8,0.05,100,"bu","13:22:45",7134700
16.8,0.05,3000,"bu","13:22:36",7134600
16.8,0.05,5000,"bu","13:22:24",7131600
16.75,0,5000,"sd","13:22:19",7126600
16.8,0.05,100,"bu","13:22:14",7121600
16.75,0,500,"sd","13:21:58",7121500
16.75,0,10000,"sd","13:21:53",7121000
16.75,0,205200,"bu","13:21:28",7111000
16.75,0,100,"bu","13:21:23",6905800
16.75,0,10000,"bu","13:21:11",6905700
16.75,0,600,"bu","13:20:48",6895700
16.7,-0.05,2000,"sd","13:20:36",6895100
16.7,-0.05,3500,"sd","13:20:00",6893100
16.7,-0.05,1200,"sd","13:19:30",6889600
16.7,-0.05,200,"sd","13:19:22",6888400
16.7,-0.05,1500,"sd","13:19:02",6888200
16.7,-0.05,300,"sd","13:18:57",6886700
16.75,0,600,"bu","13:18:52",6886400
16.75,0,100,"bu","13:17:57",6885800
16.75,0,100,"bu","13:17:56",6885700
16.7,-0.05,3000,"sd","13:17:53",6885600
16.75,0,1000,"bu","13:17:46",6882600
16.7,-0.05,600,"sd","13:17:39",6881600
16.7,-0.05,1500,"sd","13:17:38",6881000
16.7,-0.05,200,"sd","13:17:34",6879500
16.7,-0.05,400,"sd","13:17:33",6879300
16.7,-0.05,50000,"sd","13:17:19",6878900
16.7,-0.05,2000,"sd","13:17:15",6828900
16.7,-0.05,1000,"sd","13:17:12",6826900
16.7,-0.05,300,"sd","13:17:00",6825900
16.7,-0.05,600,"sd","13:16:57",6825600
16.7,-0.05,300,"sd","13:16:50",6825000
16.7,-0.05,4400,"sd","13:16:49",6824700
16.7,-0.05,700,"sd","13:16:41",6820300
16.7,-0.05,400,"sd","13:16:38",6819600
16.7,-0.05,2000,"sd","13:16:36",6819200
16.7,-0.05,3000,"sd","13:16:31",6817200
16.7,-0.05,400,"sd","13:16:17",6814200
16.7,-0.05,200,"sd","13:16:15",6813800
16.7,-0.05,1000,"sd","13:16:02",6813600
16.7,-0.05,100,"sd","13:16:00",6812600
16.7,-0.05,2300,"bu","13:15:53",6812500
16.7,-0.05,5000,"bu","13:15:53",6810200
16.7,-0.05,30100,"bu","13:15:51",6805200
16.7,-0.05,2000,"bu","13:15:50",6775100
16.7,-0.05,100,"bu","13:15:46",6773100
16.7,-0.05,500,"bu","13:15:45",6773000
16.7,-0.05,1200,"bu","13:15:39",6772500
16.7,-0.05,4500,"bu","13:15:38",6771300
16.7,-0.05,1000,"bu","13:15:36",6766800
16.7,-0.05,20000,"bu","13:15:35",6765800
16.7,-0.05,700,"bu","13:15:33",6745800
16.7,-0.05,300,"bu","13:15:33",6745100
16.7,-0.05,200,"bu","13:15:31",6744800
16.7,-0.05,2000,"bu","13:15:30",6744600
16.7,-0.05,100,"bu","13:15:27",6742600
16.7,-0.05,100,"bu","13:15:26",6742500
16.7,-0.05,3000,"bu","13:15:25",6742400
16.7,-0.05,13000,"bu","13:15:24",6739400
16.7,-0.05,3500,"bu","13:15:22",6726400
16.7,-0.05,1000,"bu","13:15:12",6722900
16.7,-0.05,50000,"bu","13:15:03",6721900
16.7,-0.05,500,"bu","13:14:55",6671900
16.65,-0.1,100,"sd","13:14:53",6671400
16.7,-0.05,400,"bu","13:14:51",6671300
16.7,-0.05,500,"bu","13:14:41",6670900
16.65,-0.1,3000,"sd","13:14:39",6670400
16.65,-0.1,4000,"sd","13:14:37",6667400
16.65,-0.1,500,"sd","13:14:33",6663400
16.7,-0.05,6000,"bu","13:14:33",6662900
16.7,-0.05,15000,"bu","13:14:22",6656900
16.65,-0.1,300,"sd","13:14:04",6641900
16.65,-0.1,1000,"sd","13:14:02",6641600
16.65,-0.1,600,"sd","13:13:54",6640600
16.65,-0.1,400,"sd","13:13:51",6640000
16.7,-0.05,500,"bu","13:13:50",6639600
16.7,-0.05,1000,"bu","13:13:45",6639100
16.7,-0.05,800,"bu","13:13:16",6638100
16.65,-0.1,9700,"sd","13:12:56",6637300
16.65,-0.1,200,"sd","13:12:55",6627600
16.65,-0.1,3000,"sd","13:12:50",6627400
16.65,-0.1,1000,"sd","13:12:40",6624400
16.65,-0.1,10000,"sd","13:12:38",6623400
16.7,-0.05,1500,"bu","13:12:32",6613400
16.65,-0.1,17000,"sd","13:12:26",6611900
16.7,-0.05,3000,"bu","13:12:24",6594900
16.65,-0.1,700,"sd","13:12:16",6591900
16.65,-0.1,2000,"sd","13:12:14",6591200
16.65,-0.1,50000,"sd","13:11:57",6589200
16.65,-0.1,5000,"sd","13:11:48",6539200
16.7,-0.05,20000,"bu","13:11:36",6534200
16.65,-0.1,300,"sd","13:11:35",6514200
16.65,-0.1,100,"sd","13:11:33",6513900
16.7,-0.05,300,"bu","13:11:19",6513800
16.7,-0.05,1300,"bu","13:11:18",6513500
16.7,-0.05,500,"bu","13:11:04",6512200
16.65,-0.1,500,"sd","13:10:58",6511700
16.7,-0.05,100,"bu","13:10:42",6511200
16.7,-0.05,200,"bu","13:10:39",6511100
16.7,-0.05,1000,"bu","13:10:36",6510900
16.7,-0.05,100,"bu","13:10:29",6509900
16.7,-0.05,6700,"bu","13:10:24",6509800
16.65,-0.1,7000,"sd","13:10:24",6503100
16.7,-0.05,1100,"bu","13:10:21",6496100
16.7,-0.05,200,"bu","13:10:17",6495000
16.7,-0.05,2000,"bu","13:10:15",6494800
16.7,-0.05,100,"bu","13:10:00",6492800
16.7,-0.05,800,"bu","13:09:59",6492700
16.7,-0.05,5000,"bu","13:09:53",6491900
16.7,-0.05,300,"bu","13:09:52",6486900
16.7,-0.05,6000,"bu","13:09:51",6486600
16.7,-0.05,100,"bu","13:09:44",6480600
16.7,-0.05,700,"bu","13:09:44",6480500
16.7,-0.05,10000,"bu","13:09:40",6479800
16.7,-0.05,200,"bu","13:09:32",6469800
16.65,-0.1,1000,"sd","13:09:31",6469600
16.7,-0.05,500,"bu","13:09:30",6468600
16.7,-0.05,2000,"bu","13:09:28",6468100
16.7,-0.05,5000,"bu","13:09:18",6466100
16.7,-0.05,1300,"bu","13:09:15",6461100
16.7,-0.05,100,"bu","13:09:07",6459800
16.7,-0.05,1000,"bu","13:09:01",6459700
16.65,-0.1,700,"sd","13:08:54",6458700
16.65,-0.1,2000,"sd","13:08:52",6458000
16.7,-0.05,100,"bu","13:08:50",6456000
16.7,-0.05,500,"bu","13:08:46",6455900
16.7,-0.05,100,"bu","13:08:42",6455400
16.7,-0.05,200,"bu","13:08:27",6455300
16.7,-0.05,7400,"bu","13:08:21",6455100
16.7,-0.05,1000,"bu","13:08:17",6447700
16.7,-0.05,2000,"bu","13:08:03",6446700
16.65,-0.1,9900,"sd","13:07:56",6444700
16.7,-0.05,100,"bu","13:07:54",6434800
16.7,-0.05,100,"bu","13:07:45",6434700
16.7,-0.05,6000,"bu","13:07:42",6434600
16.7,-0.05,5200,"bu","13:07:39",6428600
16.7,-0.05,100,"bu","13:07:37",6423400
16.7,-0.05,100,"bu","13:07:34",6423300
16.7,-0.05,100,"bu","13:07:34",6423200
16.7,-0.05,100,"bu","13:07:25",6423100
16.7,-0.05,100,"bu","13:07:18",6423000
16.7,-0.05,100,"bu","13:07:09",6422900
16.65,-0.1,2300,"sd","13:07:07",6422800
16.65,-0.1,500,"sd","13:07:00",6420500
16.65,-0.1,10000,"sd","13:06:58",6420000
16.7,-0.05,9000,"bu","13:06:49",6410000
16.65,-0.1,100,"sd","13:06:46",6401000
16.7,-0.05,100,"bu","13:06:43",6400900
16.7,-0.05,2000,"bu","13:06:41",6400800
16.65,-0.1,4800,"sd","13:06:40",6398800
16.7,-0.05,1000,"bu","13:06:32",6394000
16.7,-0.05,100,"bu","13:06:30",6393000
16.7,-0.05,200,"bu","13:06:28",6392900
16.7,-0.05,100,"bu","13:06:17",6392700
16.7,-0.05,5000,"bu","13:06:10",6392600
16.7,-0.05,400,"bu","13:06:08",6387600
16.7,-0.05,1000,"bu","13:05:51",6387200
16.7,-0.05,500,"bu","13:05:45",6386200
16.7,-0.05,2300,"sd","13:05:38",6385700
16.7,-0.05,100,"sd","13:05:29",6383400
16.7,-0.05,4000,"sd","13:05:27",6383300
16.75,0,200,"bu","13:05:23",6379300
16.7,-0.05,500,"sd","13:05:22",6379100
16.7,-0.05,2000,"sd","13:05:21",6378600
16.7,-0.05,500,"sd","13:05:04",6376600
16.7,-0.05,2000,"sd","13:04:56",6376100
16.7,-0.05,100,"sd","13:04:54",6374100
16.7,-0.05,500,"sd","13:04:53",6374000
16.7,-0.05,300,"sd","13:04:50",6373500
16.7,-0.05,5100,"sd","13:04:49",6373200
16.7,-0.05,1000,"sd","13:04:46",6368100
16.7,-0.05,1000,"sd","13:04:44",6367100
16.7,-0.05,1000,"sd","13:04:43",6366100
16.7,-0.05,200,"sd","13:04:42",6365100
16.7,-0.05,7500,"sd","13:04:41",6364900
16.7,-0.05,300,"sd","13:04:38",6357400
16.7,-0.05,5000,"sd","13:04:32",6357100
16.7,-0.05,1000,"sd","13:04:15",6352100
16.7,-0.05,500,"sd","13:04:11",6351100
16.75,0,500,"bu","13:04:02",6350600
16.7,-0.05,1100,"sd","13:04:01",6350100
16.7,-0.05,50000,"sd","13:03:55",6349000
16.75,0,500,"bu","13:03:30",6299000
16.75,0,100,"bu","13:03:20",6298500
16.7,-0.05,5000,"sd","13:03:11",6298400
16.75,0,100,"bu","13:03:02",6293400
16.7,-0.05,800,"sd","13:03:00",6293300
16.75,0,100,"bu","13:02:48",6292500
16.75,0,100,"bu","13:02:39",6292400
16.75,0,100,"bu","13:02:38",6292300
16.7,-0.05,100,"sd","13:02:37",6292200
16.75,0,300,"bu","13:02:24",6292100
16.7,-0.05,50000,"sd","13:02:24",6291800
16.75,0,12800,"sd","13:02:23",6241800
16.75,0,100,"sd","13:02:20",6229000
16.75,0,12000,"sd","13:02:19",6228900
16.75,0,1000,"sd","13:02:14",6216900
16.75,0,1100,"sd","13:02:13",6215900
16.75,0,300,"sd","13:02:05",6214800
16.75,0,4000,"sd","13:02:00",6214500
16.75,0,200,"sd","13:01:58",6210500
16.75,0,55500,"sd","13:01:45",6210300
16.75,0,200,"sd","13:01:40",6154800
16.75,0,200,"sd","13:01:31",6154600
16.75,0,500,"sd","13:01:23",6154400
16.75,0,500,"sd","13:01:19",6153900
16.75,0,11700,"sd","13:01:17",6153400
16.75,0,100,"sd","13:01:14",6141700
16.75,0,500,"sd","13:01:12",6141600
16.75,0,20000,"sd","13:01:09",6141100
16.75,0,5000,"sd","13:01:05",6121100
16.75,0,200,"sd","13:00:55",6116100
16.8,0.05,200,"bu","13:00:49",6115900
16.75,0,100,"sd","13:00:34",6115700
16.75,0,1500,"sd","13:00:33",6115600
16.75,0,500,"sd","13:00:32",6114100
16.75,0,400,"sd","13:00:29",6113600
16.75,0,3600,"sd","13:00:26",6113200
16.75,0,5000,"sd","13:00:23",6109600
16.75,0,229900,"bu","13:00:21",6104600
16.7,-0.05,15300,"bu","13:00:21",5874700
16.7,-0.05,300,"bu","13:00:18",5859400
16.7,-0.05,100,"bu","13:00:17",5859100
16.7,-0.05,200,"bu","13:00:16",5859000
16.65,-0.1,100,"sd","13:00:14",5858800
16.7,-0.05,85100,"sd","13:00:14",5858700
16.7,-0.05,1000,"sd","13:00:14",5773600
16.75,0,200,"bu","13:00:09",5772600
16.75,0,300,"bu","13:00:06",5772400
16.7,-0.05,1000,"sd","13:00:05",5772100
16.7,-0.05,30000,"sd","13:00:02",5771100
16.75,0,5700,"bu","13:00:02",5741100
16.75,0,400,"bu","13:00:01",5735400
16.7,-0.05,5500,"sd","13:00:01",5735000
16.75,0,2000,"bu","13:00:01",5729500
16.7,-0.05,200,"sd","13:00:01",5727500
16.7,-0.05,11700,"sd","13:00:01",5727300
16.75,0,2000,"bu","11:29:48",5715600
16.75,0,200,"bu","11:29:31",5713600
16.75,0,1800,"bu","11:29:30",5713400
16.7,-0.05,100,"sd","11:29:14",5711600
16.75,0,1000,"bu","11:29:07",5711500
16.7,-0.05,300,"sd","11:29:04",5710500
16.7,-0.05,500,"sd","11:29:00",5710200
16.75,0,300,"bu","11:28:57",5709700
16.7,-0.05,1000,"sd","11:28:54",5709400
16.7,-0.05,1000,"sd","11:28:43",5708400
16.7,-0.05,100,"sd","11:28:30",5707400
16.7,-0.05,5000,"sd","11:28:05",5707300
16.75,0,1000,"bu","11:27:42",5702300
16.7,-0.05,8000,"sd","11:27:32",5701300
16.7,-0.05,700,"sd","11:27:21",5693300
16.7,-0.05,3900,"bu","11:27:16",5692600
16.7,-0.05,300,"bu","11:27:11",5688700
16.7,-0.05,100,"bu","11:27:06",5688400
16.7,-0.05,100,"bu","11:27:04",5688300
16.7,-0.05,500,"bu","11:27:02",5688200
16.7,-0.05,300,"bu","11:27:01",5687700
16.7,-0.05,1000,"bu","11:26:59",5687400
16.7,-0.05,100,"bu","11:26:55",5686400
16.7,-0.05,13800,"sd","11:26:49",5686300
16.7,-0.05,800,"bu","11:26:31",5672500
16.7,-0.05,500,"bu","11:26:30",5671700
16.7,-0.05,100,"bu","11:26:29",5671200
16.7,-0.05,100,"bu","11:26:26",5671100
16.7,-0.05,3000,"bu","11:26:21",5671000
16.7,-0.05,100,"bu","11:26:18",5668000
16.7,-0.05,500,"bu","11:26:02",5667900
16.7,-0.05,56900,"sd","11:25:54",5667400
16.75,0,5000,"bu","11:25:45",5610500
16.75,0,1000,"bu","11:25:39",5605500
16.7,-0.05,5000,"sd","11:25:37",5604500
16.7,-0.05,100,"sd","11:25:36",5599500
16.7,-0.05,3000,"sd","11:25:20",5599400
16.75,0,200,"bu","11:25:18",5596400
16.7,-0.05,4000,"sd","11:25:08",5596200
16.7,-0.05,100,"sd","11:25:04",5592200
16.7,-0.05,20000,"sd","11:25:04",5592100
16.7,-0.05,1000,"sd","11:24:58",5572100
16.7,-0.05,7600,"sd","11:24:52",5571100
16.7,-0.05,1000,"sd","11:24:15",5563500
16.7,-0.05,2000,"sd","11:24:04",5562500
16.7,-0.05,900,"sd","11:23:55",5560500
16.7,-0.05,2000,"sd","11:23:38",5559600
16.7,-0.05,100,"sd","11:23:31",5557600
16.7,-0.05,1000,"sd","11:23:30",5557500
16.7,-0.05,8000,"sd","11:23:24",5556500
16.7,-0.05,300,"sd","11:23:23",5548500
16.7,-0.05,3000,"sd","11:22:55",5548200
16.7,-0.05,12000,"sd","11:22:22",5545200
16.7,-0.05,1400,"sd","11:22:04",5533200
16.7,-0.05,1300,"sd","11:22:04",5531800
16.7,-0.05,3800,"sd","11:22:03",5530500
16.7,-0.05,100,"sd","11:21:45",5526700
16.7,-0.05,7000,"sd","11:21:13",5526600
16.7,-0.05,300,"bu","11:21:03",5519600
16.7,-0.05,4200,"bu","11:21:03",5519300
16.7,-0.05,6000,"bu","11:20:59",5515100
16.7,-0.05,200,"bu","11:20:57",5509100
16.7,-0.05,100,"bu","11:20:54",5508900
16.7,-0.05,8000,"bu","11:20:48",5508800
16.7,-0.05,200,"bu","11:20:46",5500800
16.7,-0.05,2000,"bu","11:20:43",5500600
16.7,-0.05,300,"bu","11:20:28",5498600
16.7,-0.05,600,"bu","11:20:22",5498300
16.65,-0.1,200,"sd","11:20:21",5497700
16.7,-0.05,200,"bu","11:20:17",5497500
16.7,-0.05,500,"bu","11:20:16",5497300
16.65,-0.1,1000,"sd","11:20:09",5496800
16.7,-0.05,2700,"bu","11:20:07",5495800
16.7,-0.05,12300,"bu","11:20:06",5493100
16.65,-0.1,6000,"sd","11:19:27",5480800
16.7,-0.05,100,"bu","11:19:01",5474800
16.7,-0.05,100,"bu","11:18:53",5474700
16.65,-0.1,400,"sd","11:18:49",5474600
16.65,-0.1,10000,"sd","11:18:34",5474200
16.7,-0.05,200,"bu","11:18:34",5464200
16.7,-0.05,5000,"bu","11:18:20",5464000
16.7,-0.05,300,"bu","11:18:13",5459000
16.7,-0.05,700,"bu","11:17:54",5458700
16.65,-0.1,500,"sd","11:17:53",5458000
16.7,-0.05,100,"bu","11:17:37",5457500
16.7,-0.05,1100,"bu","11:17:26",5457400
16.7,-0.05,1000,"bu","11:17:22",5456300
16.7,-0.05,16000,"bu","11:17:16",5455300
16.7,-0.05,5000,"bu","11:17:10",5439300
16.7,-0.05,1500,"bu","11:17:08",5434300
16.7,-0.05,200,"bu","11:17:07",5432800
16.7,-0.05,11000,"bu","11:17:05",5432600
16.7,-0.05,500,"bu","11:17:01",5421600
16.7,-0.05,1100,"bu","11:16:46",5421100
16.7,-0.05,5000,"bu","11:16:44",5420000
16.7,-0.05,800,"bu","11:16:26",5415000
16.7,-0.05,200,"bu","11:16:25",5414200
16.7,-0.05,400,"bu","11:16:12",5414000
16.7,-0.05,200,"bu","11:16:09",5413600
16.7,-0.05,1500,"bu","11:16:08",5413400
16.7,-0.05,1000,"bu","11:16:07",5411900
16.7,-0.05,100,"bu","11:16:02",5410900
16.7,-0.05,10000,"bu","11:15:55",5410800
16.7,-0.05,500,"bu","11:15:52",5400800
16.7,-0.05,200,"bu","11:15:49",5400300
16.7,-0.05,100,"bu","11:15:41",5400100
16.7,-0.05,300,"bu","11:15:35",5400000
16.7,-0.05,500,"bu","11:15:29",5399700
16.7,-0.05,1000,"bu","11:15:22",5399200
16.7,-0.05,1000,"bu","11:15:19",5398200
16.7,-0.05,100,"bu","11:15:14",5397200
16.7,-0.05,500,"bu","11:15:04",5397100
16.7,-0.05,100,"bu","11:15:04",5396600
16.7,-0.05,10000,"bu","11:15:01",5396500
16.7,-0.05,1100,"bu","11:14:59",5386500
16.7,-0.05,6900,"bu","11:14:57",5385400
16.7,-0.05,2000,"bu","11:14:53",5378500
16.7,-0.05,1000,"bu","11:14:47",5376500
16.7,-0.05,100,"bu","11:14:41",5375500
16.7,-0.05,200,"bu","11:14:32",5375400
16.7,-0.05,4000,"bu","11:14:29",5375200
16.7,-0.05,100,"bu","11:14:27",5371200
16.7,-0.05,5200,"bu","11:14:23",5371100
16.7,-0.05,2000,"bu","11:14:23",5365900
16.7,-0.05,2000,"bu","11:14:10",5363900
16.7,-0.05,100,"bu","11:14:05",5361900
16.7,-0.05,3000,"bu","11:13:58",5361800
16.7,-0.05,2000,"bu","11:13:48",5358800
16.7,-0.05,2100,"bu","11:13:32",5356800
16.7,-0.05,2000,"bu","11:13:31",5354700
16.7,-0.05,2000,"bu","11:13:28",5352700
16.7,-0.05,200,"bu","11:13:22",5350700
16.7,-0.05,500,"bu","11:13:20",5350500
16.7,-0.05,100,"bu","11:13:18",5350000
16.7,-0.05,300,"bu","11:13:10",5349900
16.7,-0.05,600,"bu","11:13:01",5349600
16.7,-0.05,500,"bu","11:12:58",5349000
16.7,-0.05,500,"bu","11:12:57",5348500
16.7,-0.05,10000,"bu","11:12:55",5348000
16.7,-0.05,100,"bu","11:12:51",5338000
16.7,-0.05,1000,"bu","11:12:37",5337900
16.7,-0.05,2900,"bu","11:12:28",5336900
16.7,-0.05,3000,"bu","11:12:16",5334000
16.7,-0.05,600,"bu","11:12:15",5331000
16.7,-0.05,300,"bu","11:12:14",5330400
16.7,-0.05,5100,"bu","11:12:07",5330100
16.7,-0.05,2000,"bu","11:12:05",5325000
16.7,-0.05,300,"bu","11:12:04",5323000
16.7,-0.05,500,"bu","11:11:52",5322700
16.7,-0.05,3000,"bu","11:11:46",5322200
16.7,-0.05,1000,"bu","11:11:33",5319200
16.7,-0.05,1600,"bu","11:11:27",5318200
16.7,-0.05,1000,"bu","11:11:19",5316600
16.7,-0.05,100,"bu","11:11:14",5315600
16.7,-0.05,200,"bu","11:11:05",5315500
16.7,-0.05,1200,"sd","11:10:54",5315300
16.7,-0.05,4300,"sd","11:10:53",5314100
16.7,-0.05,5500,"bu","11:10:51",5309800
16.7,-0.05,800,"bu","11:10:50",5304300
16.7,-0.05,600,"bu","11:10:37",5303500
16.7,-0.05,100,"bu","11:10:34",5302900
16.7,-0.05,1000,"bu","11:10:31",5302800
16.7,-0.05,3000,"bu","11:10:28",5301800
16.7,-0.05,100,"bu","11:10:27",5298800
16.7,-0.05,25500,"sd","11:10:17",5298700
16.7,-0.05,20500,"bu","11:10:16",5273200
16.7,-0.05,100,"bu","11:09:59",5252700
16.7,-0.05,700,"sd","11:09:46",5252600
16.7,-0.05,400,"sd","11:09:39",5251900
16.7,-0.05,150000,"sd","11:09:30",5251500
16.7,-0.05,900,"sd","11:09:17",5101500
16.7,-0.05,500,"sd","11:09:12",5100600
16.7,-0.05,300,"sd","11:09:00",5100100
16.7,-0.05,3800,"sd","11:08:52",5099800
16.75,0,100,"bu","11:08:41",5096000
16.7,-0.05,7000,"sd","11:08:41",5095900
16.7,-0.05,700,"sd","11:08:23",5088900
16.7,-0.05,500,"sd","11:08:21",5088200
16.7,-0.05,2500,"sd","11:08:20",5087700
16.7,-0.05,100,"sd","11:08:10",5085200
16.7,-0.05,100,"sd","11:08:01",5085100
16.7,-0.05,1000,"sd","11:07:57",5085000
16.7,-0.05,1000,"sd","11:07:53",5084000
16.7,-0.05,2000,"sd","11:07:51",5083000
16.7,-0.05,1000,"sd","11:07:49",5081000
16.7,-0.05,1000,"sd","11:07:49",5080000
16.7,-0.05,1000,"sd","11:07:44",5079000
16.7,-0.05,1000,"sd","11:07:32",5078000
16.7,-0.05,10000,"sd","11:07:17",5077000
16.7,-0.05,100,"sd","11:07:12",5067000
16.7,-0.05,3000,"sd","11:07:07",5066900
16.7,-0.05,300,"sd","11:07:03",5063900
16.7,-0.05,1000,"sd","11:06:52",5063600
16.7,-0.05,300,"sd","11:06:38",5062600
16.7,-0.05,1100,"sd","11:06:29",5062300
16.75,0,20000,"bu","11:06:09",5061200
16.7,-0.05,600,"sd","11:06:02",5041200
16.7,-0.05,30000,"sd","11:05:55",5040600
16.7,-0.05,10000,"sd","11:05:25",5010600
16.7,-0.05,600,"sd","11:05:24",5000600
16.7,-0.05,6000,"sd","11:05:23",5000000
16.7,-0.05,1000,"sd","11:05:17",4994000
16.7,-0.05,6000,"sd","11:05:13",4993000
16.7,-0.05,500,"sd","11:05:11",4987000
16.7,-0.05,800,"sd","11:05:08",4986500
16.7,-0.05,1000,"sd","11:05:07",4985700
16.7,-0.05,300,"sd","11:05:04",4984700
16.7,-0.05,800,"sd","11:05:01",4984400
16.7,-0.05,5800,"sd","11:04:51",4983600
16.7,-0.05,2500,"sd","11:04:51",4977800
16.7,-0.05,2500,"sd","11:04:35",4975300
16.7,-0.05,1000,"sd","11:04:24",4972800
16.75,0,500,"bu","11:03:12",4971800
16.7,-0.05,500,"sd","11:03:07",4971300
16.7,-0.05,100,"sd","11:02:59",4970800
16.7,-0.05,1000,"sd","11:02:57",4970700
16.7,-0.05,200,"sd","11:02:48",4969700
16.75,0,200,"bu","11:02:32",4969500
16.7,-0.05,600,"sd","11:02:22",4969300
16.7,-0.05,800,"sd","11:01:58",4968700
16.7,-0.05,1000,"sd","11:01:57",4967900
16.7,-0.05,600,"sd","11:01:40",4966900
16.75,0,1000,"bu","11:01:26",4966300
16.7,-0.05,100,"sd","11:01:26",4965300
16.7,-0.05,100,"sd","11:01:18",4965200
16.75,0,500,"bu","11:01:14",4965100
16.7,-0.05,500,"sd","11:01:02",4964600
16.75,0,1100,"bu","11:01:01",4964100
16.7,-0.05,1000,"sd","11:00:56",4963000
16.7,-0.05,1700,"sd","11:00:55",4962000
16.7,-0.05,1000,"sd","11:00:36",4960300
16.7,-0.05,400,"sd","11:00:30",4959300
16.7,-0.05,5000,"sd","11:00:25",4958900
16.7,-0.05,10000,"sd","11:00:24",4953900
16.7,-0.05,4000,"sd","11:00:22",4943900
16.7,-0.05,8100,"bu","11:00:07",4939900
16.65,-0.1,6000,"sd","11:00:07",4931800
16.7,-0.05,200,"bu","11:00:04",4925800
16.7,-0.05,100,"bu","11:00:01",4925600
16.7,-0.05,100,"bu","11:00:00",4925500
16.7,-0.05,20300,"bu","10:59:58",4925400
16.7,-0.05,2000,"bu","10:59:54",4905100
16.7,-0.05,59200,"sd","10:59:47",4903100
16.75,0,100,"bu","10:59:47",4843900
16.7,-0.05,1000,"sd","10:59:45",4843800
16.7,-0.05,7800,"sd","10:59:39",4842800
16.75,0,1000,"bu","10:59:33",4835000
16.7,-0.05,200,"sd","10:59:26",4834000
16.7,-0.05,1000,"sd","10:59:06",4833800
16.7,-0.05,100,"sd","10:58:46",4832800
16.7,-0.05,200,"sd","10:58:40",4832700
16.7,-0.05,4000,"sd","10:58:24",4832500
16.75,0,1000,"bu","10:58:24",4828500
16.7,-0.05,7400,"bu","10:58:16",4827500
16.7,-0.05,5000,"bu","10:58:15",4820100
16.7,-0.05,200,"bu","10:58:15",4815100
16.7,-0.05,3000,"bu","10:58:14",4814900
16.7,-0.05,11000,"bu","10:58:13",4811900
16.7,-0.05,5000,"bu","10:58:11",4800900
16.7,-0.05,2200,"bu","10:58:10",4795900
16.7,-0.05,19500,"bu","10:58:09",4793700
16.7,-0.05,10000,"bu","10:58:08",4774200
16.7,-0.05,10000,"bu","10:58:07",4764200
16.7,-0.05,300,"bu","10:58:06",4754200
16.7,-0.05,3500,"bu","10:58:06",4753900
16.7,-0.05,1100,"bu","10:58:05",4750400
16.7,-0.05,300,"bu","10:58:01",4749300
16.7,-0.05,1000,"bu","10:58:01",4749000
16.7,-0.05,200000,"bu","10:57:59",4748000
16.65,-0.1,1500,"sd","10:57:58",4548000
16.7,-0.05,100,"bu","10:57:56",4546500
16.7,-0.05,200,"bu","10:57:42",4546400
16.7,-0.05,1000,"bu","10:57:31",4546200
16.7,-0.05,1300,"bu","10:57:28",4545200
16.7,-0.05,1000,"bu","10:57:22",4543900
16.7,-0.05,200,"bu","10:57:16",4542900
16.7,-0.05,500,"bu","10:57:08",4542700
16.7,-0.05,100,"bu","10:56:58",4542200
16.7,-0.05,10000,"bu","10:56:56",4542100
16.7,-0.05,4000,"bu","10:56:53",4532100
16.65,-0.1,6000,"sd","10:56:46",4528100
16.7,-0.05,1000,"bu","10:56:39",4522100
16.65,-0.1,300,"sd","10:56:21",4521100
16.65,-0.1,6000,"sd","10:56:14",4520800
16.7,-0.05,200,"bu","10:56:13",4514800
16.7,-0.05,500,"bu","10:56:04",4514600
16.7,-0.05,2000,"bu","10:56:03",4514100
16.7,-0.05,1000,"bu","10:56:01",4512100
16.7,-0.05,400,"bu","10:56:00",4511100
16.7,-0.05,100,"bu","10:55:53",4510700
16.65,-0.1,5000,"sd","10:55:53",4510600
16.7,-0.05,3400,"bu","10:55:41",4505600
16.65,-0.1,9000,"sd","10:55:38",4502200
16.7,-0.05,400,"bu","10:55:34",4493200
16.7,-0.05,900,"bu","10:55:31",4492800
16.65,-0.1,4000,"sd","10:55:30",4491900
16.7,-0.05,1000,"bu","10:55:27",4487900
16.65,-0.1,4000,"sd","10:55:17",4486900
16.7,-0.05,200,"bu","10:55:14",4482900
16.7,-0.05,1000,"bu","10:55:11",4482700
16.65,-0.1,2000,"sd","10:55:05",4481700
16.7,-0.05,300,"bu","10:55:04",4479700
16.7,-0.05,200,"bu","10:54:49",4479400
16.65,-0.1,13500,"sd","10:54:47",4479200
16.65,-0.1,600,"sd","10:54:46",4465700
16.7,-0.05,200,"bu","10:54:42",4465100
16.7,-0.05,200,"bu","10:54:35",4464900
16.65,-0.1,3000,"sd","10:54:19",4464700
16.7,-0.05,100,"bu","10:54:11",4461700
16.7,-0.05,500,"bu","10:54:08",4461600
16.65,-0.1,9000,"sd","10:53:57",4461100
16.65,-0.1,3000,"sd","10:53:54",4452100
16.65,-0.1,10000,"sd","10:53:44",4449100
16.65,-0.1,200,"sd","10:53:42",4439100
16.65,-0.1,3000,"sd","10:53:36",4438900
16.65,-0.1,100,"sd","10:53:34",4435900
16.65,-0.1,5000,"sd","10:53:27",4435800
16.65,-0.1,1000,"sd","10:53:26",4430800
16.65,-0.1,13600,"sd","10:53:26",4429800
16.65,-0.1,500,"sd","10:53:21",4416200
16.65,-0.1,2100,"sd","10:53:19",4415700
16.65,-0.1,10000,"sd","10:53:13",4413600
16.65,-0.1,4400,"sd","10:53:13",4403600
16.65,-0.1,3800,"sd","10:53:08",4399200
16.65,-0.1,500,"sd","10:53:07",4395400
16.65,-0.1,10000,"sd","10:53:06",4394900
16.65,-0.1,3000,"sd","10:53:00",4384900
16.65,-0.1,1000,"sd","10:52:48",4381900
16.65,-0.1,1000,"sd","10:52:40",4380900
16.65,-0.1,2000,"sd","10:52:37",4379900
16.65,-0.1,20000,"sd","10:52:26",4377900
16.65,-0.1,4400,"sd","10:52:24",4357900
16.65,-0.1,4500,"sd","10:52:23",4353500
16.65,-0.1,4000,"sd","10:52:23",4349000
16.65,-0.1,600,"sd","10:52:22",4345000
16.65,-0.1,1800,"sd","10:52:20",4344400
16.65,-0.1,1500,"sd","10:52:13",4342600
16.65,-0.1,97800,"bu","10:52:10",4341100
16.6,-0.15,300,"sd","10:52:03",4243300
16.65,-0.1,1200,"bu","10:51:59",4243000
16.65,-0.1,1000,"bu","10:51:58",4241800
16.65,-0.1,100,"bu","10:51:56",4240800
16.65,-0.1,1100,"bu","10:51:54",4240700
16.65,-0.1,100,"bu","10:51:49",4239600
16.65,-0.1,500,"bu","10:51:48",4239500
16.65,-0.1,100,"bu","10:51:48",4239000
16.65,-0.1,200,"bu","10:51:47",4238900
16.65,-0.1,2000,"bu","10:51:47",4238700
16.65,-0.1,30000,"bu","10:51:46",4236700
16.65,-0.1,4700,"bu","10:51:44",4206700
16.65,-0.1,500,"bu","10:51:27",4202000
16.65,-0.1,2000,"bu","10:51:26",4201500
16.65,-0.1,900,"bu","10:51:23",4199500
16.6,-0.15,1000,"sd","10:51:22",4198600
16.65,-0.1,200,"bu","10:51:20",4197600
16.65,-0.1,300,"bu","10:51:18",4197400
16.65,-0.1,500,"bu","10:51:17",4197100
16.65,-0.1,4000,"bu","10:51:14",4196600
16.6,-0.15,500,"sd","10:51:14",4192600
16.6,-0.15,2000,"sd","10:51:13",4192100
16.65,-0.1,50000,"bu","10:51:08",4190100
16.65,-0.1,2000,"bu","10:51:07",4140100
16.65,-0.1,500,"bu","10:51:03",4138100
16.6,-0.15,20000,"sd","10:51:02",4137600
16.6,-0.15,5000,"sd","10:51:00",4117600
16.6,-0.15,300,"sd","10:50:58",4112600
16.6,-0.15,5000,"sd","10:50:57",4112300
16.6,-0.15,100,"sd","10:50:57",4107300
16.6,-0.15,3000,"sd","10:50:56",4107200
16.65,-0.1,300,"bu","10:50:54",4104200
16.6,-0.15,3000,"sd","10:50:50",4103900
16.6,-0.15,1700,"sd","10:50:43",4100900
16.6,-0.15,3300,"sd","10:50:42",4099200
16.6,-0.15,15000,"sd","10:50:39",4095900
16.6,-0.15,3000,"sd","10:50:37",4080900
16.65,-0.1,100,"bu","10:50:34",4074400
16.6,-0.15,13500,"sd","10:50:23",4074300
16.6,-0.15,6700,"sd","10:50:22",4060800
16.6,-0.15,2000,"sd","10:50:20",4054100
16.65,-0.1,2000,"bu","10:50:18",4052100
16.6,-0.15,3600,"sd","10:50:17",4050100
16.6,-0.15,100,"sd","10:50:16",4046500
16.65,-0.1,900,"bu","10:50:14",4046400
16.6,-0.15,1000,"sd","10:50:13",4045500
16.65,-0.1,500,"bu","10:50:13",4044500
16.6,-0.15,2000,"sd","10:50:12",4044000
16.65,-0.1,1000,"bu","10:50:08",4042000
16.65,-0.1,100,"bu","10:50:07",4041000
16.6,-0.15,10000,"sd","10:50:05",4040900
16.65,-0.1,500,"bu","10:50:05",4030900
16.65,-0.1,100,"bu","10:50:04",4030400
16.65,-0.1,500,"bu","10:50:03",4030300
16.65,-0.1,15200,"bu","10:49:59",4029800
16.6,-0.15,6900,"sd","10:49:58",4014600
16.65,-0.1,500,"bu","10:49:53",4007700
16.65,-0.1,100,"bu","10:49:50",4007200
16.65,-0.1,500,"bu","10:49:48",4007100
16.65,-0.1,10000,"bu","10:49:45",4006600
16.65,-0.1,30100,"sd","10:49:37",3996600
16.65,-0.1,12600,"sd","10:49:36",3966500
16.65,-0.1,100,"sd","10:49:33",3953900
16.65,-0.1,50000,"sd","10:49:33",3953800
16.65,-0.1,100,"sd","10:49:31",3903800
16.65,-0.1,1000,"sd","10:49:30",3903700
16.65,-0.1,2000,"sd","10:49:27",3902700
16.65,-0.1,8000,"sd","10:49:24",3900700
16.65,-0.1,900,"sd","10:49:23",3892700
16.65,-0.1,200,"sd","10:49:23",3891800
16.65,-0.1,1000,"sd","10:49:21",3891600
16.7,-0.05,1000,"bu","10:49:15",3890600
16.65,-0.1,5900,"sd","10:49:15",3889600
16.65,-0.1,16600,"sd","10:49:12",3883700
16.65,-0.1,3400,"sd","10:49:12",3867100
16.65,-0.1,60800,"sd","10:49:10",3863700
16.65,-0.1,10000,"sd","10:49:09",3802900
16.65,-0.1,5500,"sd","10:49:07",3792900
16.65,-0.1,4000,"sd","10:49:06",3787400
16.65,-0.1,15000,"sd","10:49:04",3783400
16.65,-0.1,100,"sd","10:49:03",3768400
16.65,-0.1,10000,"sd","10:48:47",3768300
16.7,-0.05,100,"bu","10:48:45",3758300
16.65,-0.1,50000,"sd","10:48:40",3758200
16.65,-0.1,800,"sd","10:48:34",3708200
16.7,-0.05,200,"bu","10:48:27",3707400
16.7,-0.05,700,"bu","10:48:22",3707200
16.7,-0.05,500,"bu","10:48:15",3706500
16.7,-0.05,500,"bu","10:48:09",3706000
16.7,-0.05,500,"bu","10:48:08",3705500
16.7,-0.05,100,"bu","10:48:07",3705000
16.7,-0.05,800,"bu","10:48:05",3704900
16.65,-0.1,5000,"sd","10:47:58",3704100
16.65,-0.1,100,"sd","10:47:56",3699100
16.65,-0.1,200,"sd","10:47:50",3699000
16.65,-0.1,2300,"sd","10:47:32",3698800
16.65,-0.1,9000,"sd","10:47:16",3696500
16.7,-0.05,6600,"bu","10:47:07",3687500
16.7,-0.05,1000,"bu","10:46:57",3680900
16.7,-0.05,1000,"bu","10:46:34",3679900
16.7,-0.05,1300,"bu","10:46:32",3678900
16.7,-0.05,1000,"bu","10:46:26",3677600
16.7,-0.05,2000,"bu","10:46:24",3676100
16.7,-0.05,500,"bu","10:46:22",3674100
16.7,-0.05,600,"bu","10:46:19",3673600
16.7,-0.05,5000,"bu","10:46:18",3673000
16.7,-0.05,5000,"bu","10:46:15",3668000
16.7,-0.05,900,"bu","10:46:14",3663000
16.7,-0.05,3000,"bu","10:46:12",3662100
16.7,-0.05,300,"bu","10:46:06",3659100
16.7,-0.05,400,"bu","10:46:04",3658800
16.7,-0.05,10000,"bu","10:46:02",3658400
16.7,-0.05,1000,"bu","10:45:55",3648400
16.7,-0.05,800,"bu","10:45:54",3647400
16.7,-0.05,3000,"bu","10:45:53",3646600
16.7,-0.05,1000,"bu","10:45:52",3643600
16.7,-0.05,300,"bu","10:45:51",3642600
16.7,-0.05,1000,"bu","10:45:50",3642300
16.65,-0.1,10000,"sd","10:45:50",3641300
16.7,-0.05,200,"bu","10:45:44",3630300
16.7,-0.05,300,"bu","10:45:42",3630100
16.7,-0.05,500,"bu","10:45:41",3629800
16.7,-0.05,5000,"bu","10:45:37",3629300
16.7,-0.05,12000,"bu","10:45:35",3624300
16.7,-0.05,500,"bu","10:45:34",3612300
16.7,-0.05,5300,"bu","10:45:32",3611800
16.7,-0.05,300,"bu","10:45:29",3606500
16.7,-0.05,500,"bu","10:45:29",3606200
16.7,-0.05,2900,"bu","10:45:28",3605700
16.7,-0.05,1000,"bu","10:45:26",3602800
16.65,-0.1,10000,"sd","10:45:25",3601800
16.7,-0.05,500,"bu","10:45:25",3591800
16.65,-0.1,20000,"sd","10:45:23",3591300
16.7,-0.05,500,"bu","10:45:22",3571300
16.7,-0.05,5000,"bu","10:45:21",3570800
16.7,-0.05,1000,"bu","10:45:19",3565800
16.7,-0.05,500,"bu","10:45:14",3564800
16.7,-0.05,400,"bu","10:45:06",3564300
16.7,-0.05,100,"bu","10:45:05",3563900
16.7,-0.05,500,"bu","10:45:05",3563800
16.7,-0.05,100,"bu","10:45:04",3563300
16.7,-0.05,4000,"bu","10:45:01",3563200
16.7,-0.05,1000,"bu","10:45:01",3559200
16.7,-0.05,900,"bu","10:44:57",3558200
16.65,-0.1,2000,"sd","10:44:57",3557300
16.7,-0.05,200,"bu","10:44:48",3555300
16.7,-0.05,100,"bu","10:44:43",3555100
16.7,-0.05,1000,"bu","10:44:37",3555000
16.7,-0.05,300,"bu","10:44:34",3554000
16.7,-0.05,1300,"bu","10:44:25",3553700
16.7,-0.05,100,"bu","10:44:19",3552400
16.7,-0.05,66800,"sd","10:44:14",3552300
16.7,-0.05,5000,"sd","10:44:12",3485500
16.7,-0.05,7000,"sd","10:44:10",3480500
16.7,-0.05,10000,"sd","10:44:09",3473500
16.7,-0.05,2000,"sd","10:44:05",3463500
16.7,-0.05,8000,"sd","10:44:04",3461500
16.7,-0.05,20000,"sd","10:43:57",3453500
16.7,-0.05,4600,"sd","10:43:55",3433500
16.7,-0.05,300,"sd","10:43:46",3428900
16.7,-0.05,2000,"sd","10:43:45",3428600
16.75,0,2000,"bu","10:43:20",3426600
16.75,0,100,"bu","10:43:18",3424600
16.7,-0.05,5000,"sd","10:43:18",3424500
16.75,0,100,"bu","10:42:57",3419500
16.75,0,100,"bu","10:42:51",3419400
16.7,-0.05,100,"sd","10:42:49",3419300
16.7,-0.05,400,"sd","10:42:38",3419200
16.7,-0.05,4000,"sd","10:42:30",3418800
16.75,0,100,"bu","10:42:25",3414800
16.7,-0.05,500,"sd","10:42:19",3414700
16.75,0,100,"bu","10:42:12",3414200
16.7,-0.05,400,"sd","10:42:11",3414100
16.7,-0.05,1100,"sd","10:42:08",3413700
16.7,-0.05,3000,"sd","10:42:08",3412600
16.7,-0.05,8300,"sd","10:42:07",3409600
16.75,0,100,"bu","10:41:54",3401300
16.75,0,200,"bu","10:41:51",3401200
16.7,-0.05,100,"sd","10:41:46",3401000
16.75,0,700,"bu","10:41:42",3400900
16.75,0,100,"bu","10:41:33",3400200
16.75,0,100,"bu","10:41:19",3400100
16.7,-0.05,500,"sd","10:41:16",3400000
16.75,0,1000,"bu","10:41:16",3399500
16.75,0,100,"bu","10:41:10",3398500
16.75,0,100,"bu","10:41:06",3398000
16.75,0,100,"bu","10:40:58",3397900
16.7,-0.05,1500,"sd","10:40:55",3397800
16.7,-0.05,28300,"bu","10:40:48",3396300
16.7,-0.05,200,"bu","10:40:47",3368000
16.7,-0.05,500,"sd","10:40:46",3367800
16.7,-0.05,500,"sd","10:40:45",3367300
16.65,-0.1,3000,"sd","10:40:38",3366800
16.7,-0.05,500,"sd","10:40:38",3363800
16.7,-0.05,500,"sd","10:40:36",3363300
16.7,-0.05,700,"bu","10:40:35",3362800
16.7,-0.05,100,"bu","10:40:31",3362100
16.7,-0.05,10200,"bu","10:40:29",3362000
16.7,-0.05,4000,"sd","10:40:27",3351800
16.7,-0.05,2000,"sd","10:40:24",3347800
16.7,-0.05,45400,"bu","10:40:23",3345800
16.7,-0.05,100,"bu","10:40:19",3300400
16.65,-0.1,300,"sd","10:40:15",3300300
16.7,-0.05,200,"bu","10:40:13",3300000
16.7,-0.05,500,"bu","10:40:12",3299800
16.7,-0.05,10000,"bu","10:40:10",3299300
16.7,-0.05,500,"bu","10:40:06",3289300
16.7,-0.05,200,"bu","10:40:05",3288800
16.7,-0.05,100,"bu","10:40:03",3288600
16.7,-0.05,100,"bu","10:40:01",3288500
16.7,-0.05,100,"bu","10:39:59",3288400
16.7,-0.05,500,"bu","10:39:58",3288300
16.7,-0.05,200,"bu","10:39:55",3287800
16.7,-0.05,11800,"sd","10:39:52",3287600
16.7,-0.05,12600,"sd","10:39:51",3275800
16.7,-0.05,2700,"sd","10:39:50",3263200
16.7,-0.05,7300,"sd","10:39:50",3260500
16.7,-0.05,1000,"sd","10:39:47",3253200
16.7,-0.05,10000,"sd","10:39:46",3252200
16.7,-0.05,11500,"sd","10:39:44",3242200
16.7,-0.05,1300,"sd","10:39:43",3230700
16.7,-0.05,2000,"sd","10:39:40",3229400
16.7,-0.05,2000,"sd","10:39:40",3227400
16.7,-0.05,3400,"sd","10:39:34",3225400
16.7,-0.05,6600,"sd","10:39:34",3222000
16.7,-0.05,20500,"sd","10:39:31",3215400
16.7,-0.05,300,"sd","10:39:28",3194900
16.7,-0.05,4100,"sd","10:39:27",3194600
16.7,-0.05,1500,"sd","10:39:26",3190500
16.7,-0.05,5000,"sd","10:39:26",3189000
16.7,-0.05,1600,"sd","10:39:20",3184000
16.7,-0.05,1900,"sd","10:39:19",3182400
16.7,-0.05,3000,"sd","10:39:18",3180500
16.7,-0.05,14800,"sd","10:39:07",3177500
16.7,-0.05,5300,"sd","10:39:06",3162700
16.7,-0.05,1000,"sd","10:39:04",3157400
16.7,-0.05,500,"sd","10:38:43",3156400
16.7,-0.05,10000,"sd","10:38:41",3155900
16.7,-0.05,20000,"sd","10:38:37",3145900
16.7,-0.05,1900,"sd","10:38:23",3125900
16.7,-0.05,500,"sd","10:38:19",3124000
16.75,0,10000,"bu","10:38:15",3123500
16.7,-0.05,700,"sd","10:38:12",3113500
16.7,-0.05,2000,"sd","10:38:04",3112800
16.7,-0.05,3000,"sd","10:38:00",3110800
16.75,0,3000,"bu","10:38:00",3107800
16.75,0,200,"bu","10:37:57",3104800
16.7,-0.05,5000,"sd","10:37:54",3104600
16.7,-0.05,100,"sd","10:37:51",3099600
16.7,-0.05,900,"sd","10:37:37",3099500
16.75,0,100,"bu","10:37:34",3098600
16.7,-0.05,1800,"sd","10:37:30",3098500
16.75,0,100,"bu","10:37:26",3096700
16.75,0,200,"bu","10:37:02",3096600
16.7,-0.05,80000,"sd","10:36:59",3096400
16.75,0,100,"bu","10:36:39",3016400
16.75,0,2000,"bu","10:36:26",3016300
16.7,-0.05,800,"sd","10:36:16",3014300
16.7,-0.05,2500,"sd","10:36:12",3013500
16.7,-0.05,24300,"sd","10:36:11",3011000
16.7,-0.05,45500,"sd","10:36:10",2986700
16.7,-0.05,1000,"sd","10:35:58",2941200
16.7,-0.05,1000,"sd","10:35:55",2940200
16.75,0,1000,"bu","10:35:55",2939200
16.7,-0.05,5000,"sd","10:35:54",2938200
16.7,-0.05,1000,"sd","10:35:50",2933200
16.7,-0.05,5000,"sd","10:35:37",2932200
16.7,-0.05,500,"sd","10:35:18",2927200
16.7,-0.05,1600,"sd","10:35:12",2926700
16.7,-0.05,4200,"sd","10:35:08",2925100
16.7,-0.05,100,"sd","10:34:54",2920900
16.7,-0.05,100,"sd","10:34:53",2920800
16.7,-0.05,10000,"sd","10:34:30",2920700
16.75,0,500,"bu","10:34:09",2910700
16.75,0,500,"bu","10:33:57",2910200
16.75,0,169400,"sd","10:33:53",2909700
16.75,0,3800,"sd","10:33:45",2740300
16.75,0,1500,"sd","10:33:42",2736500
16.75,0,1000,"sd","10:33:38",2735000
16.75,0,35000,"sd","10:33:37",2734000
16.75,0,2000,"sd","10:33:19",2699000
16.75,0,1000,"sd","10:33:19",2697000
16.75,0,1000,"sd","10:33:16",2696000
16.75,0,10000,"sd","10:33:14",2695000
16.75,0,10000,"sd","10:33:14",2685000
16.75,0,100000,"sd","10:33:06",2675000
16.75,0,300,"sd","10:33:02",2575000
16.75,0,500,"sd","10:32:56",2574700
16.75,0,10000,"sd","10:32:53",2574200
16.75,0,1000,"sd","10:32:42",2564200
16.75,0,2000,"sd","10:32:40",2563200
16.75,0,100,"sd","10:32:32",2561200
16.75,0,500,"sd","10:32:30",2561100
16.75,0,500,"sd","10:32:27",2560600
16.75,0,500,"sd","10:31:54",2560100
16.8,0.05,100,"bu","10:31:38",2559600
16.8,0.05,500,"bu","10:31:30",2559500
16.8,0.05,1000,"bu","10:31:06",2559000
16.75,0,1000,"sd","10:31:03",2558000
16.8,0.05,500,"bu","10:30:57",2557000
16.75,0,1000,"sd","10:30:51",2556500
16.75,0,30000,"sd","10:30:49",2555500
16.8,0.05,300,"bu","10:30:48",2525500
16.75,0,300,"sd","10:30:41",2525200
16.75,0,400,"sd","10:30:24",2524900
16.75,0,2000,"sd","10:30:17",2524500
16.75,0,1000,"sd","10:30:13",2522500
16.75,0,1700,"sd","10:30:12",2521500
16.75,0,500,"sd","10:29:44",2519800
16.75,0,4000,"sd","10:29:25",2519300
16.8,0.05,1000,"bu","10:29:23",2515300
16.8,0.05,9800,"bu","10:28:39",2514300
16.8,0.05,12200,"bu","10:28:38",2504500
16.75,0,500,"sd","10:28:37",2492300
16.75,0,50000,"sd","10:28:33",2491800
16.75,0,400,"sd","10:28:27",2441800
16.75,0,5000,"sd","10:28:26",2441400
16.8,0.05,12200,"bu","10:28:17",2436400
16.75,0,5000,"sd","10:28:11",2424200
16.8,0.05,100,"bu","10:28:07",2419200
16.8,0.05,1300,"bu","10:27:43",2419100
16.8,0.05,4400,"bu","10:27:20",2417800
16.75,0,2000,"sd","10:27:19",2413400
16.75,0,5000,"sd","10:27:13",2411400
16.75,0,5000,"sd","10:27:08",2406400
16.8,0.05,2000,"bu","10:27:05",2401400
16.8,0.05,2000,"bu","10:26:59",2399400
16.8,0.05,5000,"bu","10:26:57",2397400
16.8,0.05,100,"bu","10:26:27",2392400
16.8,0.05,100,"bu","10:26:13",2392300
16.8,0.05,10000,"bu","10:25:53",2392200
16.8,0.05,100,"bu","10:25:23",2382200
16.8,0.05,100,"bu","10:25:07",2382100
16.8,0.05,1100,"bu","10:24:59",2382000
16.8,0.05,100,"bu","10:24:44",2380900
16.8,0.05,100,"bu","10:24:41",2380800
16.8,0.05,1700,"bu","10:24:28",2380700
16.8,0.05,1500,"bu","10:24:20",2379000
16.8,0.05,1100,"bu","10:24:07",2377500
16.8,0.05,4000,"bu","10:24:06",2376400
16.8,0.05,300,"bu","10:23:19",2372400
16.75,0,1500,"sd","10:23:15",2372100
16.8,0.05,1000,"bu","10:23:08",2370600
16.8,0.05,100,"bu","10:22:30",2369600
16.8,0.05,700,"bu","10:22:25",2369500
16.8,0.05,1000,"bu","10:21:54",2368800
16.75,0,2100,"sd","10:21:54",2367800
16.8,0.05,100,"bu","10:21:39",2365700
16.75,0,1000,"sd","10:21:32",2365600
16.75,0,500,"sd","10:21:31",2364600
16.75,0,3000,"sd","10:21:21",2364100
16.8,0.05,600,"bu","10:21:09",2361100
16.8,0.05,100,"bu","10:21:08",2360500
16.75,0,5000,"sd","10:21:04",2360400
16.75,0,6000,"sd","10:20:41",2355400
16.8,0.05,20000,"bu","10:20:38",2349400
16.75,0,1000,"sd","10:20:35",2329400
16.75,0,100,"sd","10:20:31",2328400
16.75,0,1000,"sd","10:20:25",2328300
16.75,0,100,"sd","10:20:07",2327300
16.8,0.05,200,"bu","10:20:07",2327200
16.8,0.05,4200,"bu","10:20:06",2327000
16.8,0.05,1000,"bu","10:19:52",2322800
16.8,0.05,1000,"bu","10:19:38",2321800
16.8,0.05,100,"bu","10:19:29",2320800
16.8,0.05,1000,"bu","10:19:09",2320700
16.8,0.05,100,"bu","10:18:47",2319700
16.8,0.05,100,"bu","10:18:44",2319600
16.8,0.05,100,"bu","10:18:42",2319500
16.8,0.05,100,"bu","10:18:39",2319400
16.8,0.05,100,"bu","10:18:35",2319300
16.8,0.05,1000,"bu","10:18:21",2319200
16.8,0.05,500,"bu","10:18:05",2318200
16.8,0.05,300,"bu","10:18:01",2317700
16.8,0.05,300,"bu","10:17:52",2317400
16.8,0.05,700,"bu","10:17:20",2317100
16.8,0.05,100,"bu","10:17:19",2316400
16.8,0.05,2000,"bu","10:17:05",2316300
16.8,0.05,100,"bu","10:17:04",2314300
16.8,0.05,100,"bu","10:16:57",2314200
16.8,0.05,2000,"bu","10:16:42",2314100
16.8,0.05,3400,"bu","10:16:41",2312100
16.8,0.05,3000,"bu","10:16:37",2308700
16.8,0.05,5000,"bu","10:16:13",2305700
16.75,0,200,"sd","10:16:04",2300700
16.75,0,29900,"sd","10:16:02",2300500
16.8,0.05,28000,"sd","10:16:01",2264500
16.8,0.05,16000,"sd","10:15:56",2236500
16.8,0.05,2000,"sd","10:15:55",2220500
16.8,0.05,6500,"sd","10:15:35",2218500
16.8,0.05,10000,"sd","10:15:34",2212000
16.85,0.1,200,"bu","10:15:33",2202000
16.8,0.05,200,"sd","10:15:30",2201800
16.8,0.05,10000,"sd","10:15:29",2201600
16.8,0.05,100,"sd","10:15:27",2191600
16.85,0.1,200,"bu","10:15:24",2191500
16.8,0.05,40100,"sd","10:15:22",2191300
16.8,0.05,200,"sd","10:15:17",2151200
16.8,0.05,2000,"sd","10:15:17",2151000
16.8,0.05,2000,"sd","10:14:51",2148900
16.85,0.1,500,"bu","10:14:48",2146900
16.8,0.05,20000,"sd","10:14:47",2146400
16.8,0.05,300,"sd","10:14:44",2126400
16.8,0.05,6000,"sd","10:14:32",2126100
16.8,0.05,1000,"sd","10:14:28",2120100
16.8,0.05,200,"sd","10:14:26",2119100
16.8,0.05,100,"sd","10:14:25",2118900
16.8,0.05,100,"sd","10:14:16",2118800
16.8,0.05,100,"sd","10:13:53",2118700
16.8,0.05,1000,"sd","10:13:49",2118600
16.8,0.05,5000,"sd","10:13:39",2117600
16.8,0.05,200,"sd","10:13:34",2112600
16.8,0.05,2800,"sd","10:13:26",2112400
16.8,0.05,3400,"sd","10:13:16",2109600
16.8,0.05,400,"sd","10:13:15",2106200
16.8,0.05,5000,"sd","10:13:01",2105800
16.8,0.05,5000,"sd","10:12:54",2100800
16.8,0.05,14500,"sd","10:12:53",2095800
16.8,0.05,1500,"sd","10:12:52",2081300
16.85,0.1,1000,"bu","10:12:47",2079800
16.8,0.05,5000,"sd","10:12:45",2078800
16.8,0.05,1000,"sd","10:12:42",2073800
16.8,0.05,2200,"sd","10:12:25",2072800
16.8,0.05,10000,"sd","10:12:22",2070600
16.8,0.05,12000,"sd","10:12:21",2060600
16.8,0.05,5000,"sd","10:12:03",2048600
16.85,0.1,300,"bu","10:11:24",2043600
16.8,0.05,1100,"sd","10:11:12",2043300
16.8,0.05,6000,"sd","10:11:09",2042200
16.8,0.05,300,"sd","10:11:03",2036200
16.8,0.05,13000,"sd","10:11:02",2035900
16.8,0.05,100,"sd","10:10:55",2022900
16.8,0.05,5200,"sd","10:10:50",2022800
16.8,0.05,3000,"sd","10:10:48",2017600
16.8,0.05,1000,"sd","10:10:46",2014600
16.8,0.05,5000,"sd","10:10:43",2013600
16.8,0.05,2100,"sd","10:10:38",2008600
16.8,0.05,2000,"sd","10:10:35",2006500
16.8,0.05,200,"sd","10:10:33",2004500
16.8,0.05,10000,"sd","10:10:30",2004300
16.8,0.05,9000,"sd","10:10:27",1994300
16.8,0.05,20400,"sd","10:10:22",1985300
16.8,0.05,5000,"sd","10:10:12",1964900
16.8,0.05,400,"sd","10:10:09",1959900
16.8,0.05,2000,"sd","10:10:08",1959500
16.8,0.05,5000,"sd","10:09:55",1957500
16.8,0.05,1000,"sd","10:09:53",1952500
16.8,0.05,10000,"sd","10:09:52",1951500
16.8,0.05,1000,"sd","10:09:31",1941500
16.8,0.05,100,"sd","10:09:25",1940500
16.8,0.05,5000,"sd","10:09:07",1940400
16.8,0.05,15000,"sd","10:08:36",1935400
16.85,0.1,1000,"bu","10:08:35",1920400
16.8,0.05,3000,"sd","10:08:30",1919400
16.8,0.05,500,"sd","10:08:18",1916400
16.8,0.05,5000,"sd","10:08:15",1915900
16.8,0.05,10000,"sd","10:08:05",1910900
16.8,0.05,3700,"sd","10:07:42",1900900
16.8,0.05,100,"sd","10:07:33",1897200
16.8,0.05,1000,"sd","10:07:28",1897100
16.8,0.05,800,"sd","10:07:26",1896100
16.8,0.05,5000,"sd","10:07:22",1895300
16.8,0.05,300,"sd","10:07:22",1890300
16.8,0.05,5000,"sd","10:07:14",1890000
16.8,0.05,100,"sd","10:07:07",1885000
16.8,0.05,1800,"sd","10:06:55",1884900
16.85,0.1,300,"bu","10:06:54",1883100
16.8,0.05,2400,"sd","10:06:52",1882800
16.8,0.05,100,"sd","10:06:51",1880400
16.8,0.05,100,"sd","10:06:49",1880300
16.8,0.05,100,"sd","10:06:49",1880200
16.8,0.05,10000,"sd","10:06:47",1880100
16.8,0.05,100,"sd","10:06:41",1870100
16.8,0.05,1000,"sd","10:06:33",1870000
16.8,0.05,500,"sd","10:06:18",1869000
16.8,0.05,5000,"sd","10:06:13",1868500
16.8,0.05,500,"sd","10:06:12",1863500
16.8,0.05,1000,"sd","10:05:56",1863000
16.85,0.1,100,"bu","10:05:46",1862000
16.8,0.05,3300,"sd","10:05:44",1861900
16.8,0.05,400,"sd","10:05:35",1858600
16.8,0.05,300,"sd","10:05:23",1858200
16.8,0.05,200,"sd","10:04:40",1857900
16.8,0.05,300,"sd","10:04:31",1857700
16.8,0.05,22700,"sd","10:04:29",1857400
16.8,0.05,1000,"sd","10:04:22",1834700
16.8,0.05,200,"sd","10:03:51",1833700
16.85,0.1,1500,"bu","10:03:48",1833500
16.85,0.1,500,"bu","10:02:43",1832000
16.8,0.05,500,"sd","10:02:41",1831500
16.85,0.1,100,"bu","10:02:27",1831000
16.85,0.1,7000,"bu","10:02:23",1830900
16.85,0.1,400,"bu","10:01:53",1823900
16.85,0.1,100,"bu","10:01:42",1823500
16.8,0.05,6000,"sd","10:01:35",1823400
16.85,0.1,100,"bu","10:01:34",1817400
16.8,0.05,100,"sd","10:01:31",1817300
16.8,0.05,3800,"bu","10:01:25",1817200
16.8,0.05,200,"bu","10:01:24",1813400
16.8,0.05,8300,"bu","10:01:24",1813200
16.8,0.05,54800,"bu","10:01:23",1804900
16.8,0.05,100,"bu","10:01:21",1750100
16.8,0.05,1000,"bu","10:01:20",1750000
16.8,0.05,3000,"bu","10:01:16",1749000
16.8,0.05,300,"bu","10:01:02",1746000
16.8,0.05,500,"bu","10:00:55",1745700
16.8,0.05,6000,"bu","10:00:45",1745200
16.8,0.05,100,"bu","10:00:34",1739200
16.8,0.05,500,"bu","10:00:30",1739100
16.8,0.05,3100,"bu","10:00:20",1738600
16.8,0.05,3000,"bu","10:00:13",1735500
16.8,0.05,300,"bu","10:00:03",1732500
16.8,0.05,1000,"bu","09:59:59",1732200
16.8,0.05,2000,"bu","09:59:51",1731200
16.8,0.05,10000,"bu","09:59:49",1729200
16.8,0.05,1000,"bu","09:59:44",1719200
16.8,0.05,1400,"bu","09:59:41",1718200
16.8,0.05,200,"bu","09:59:40",1716800
16.8,0.05,6000,"bu","09:59:34",1716600
16.8,0.05,100,"bu","09:59:21",1710600
16.8,0.05,1500,"bu","09:59:21",1710500
16.8,0.05,3900,"bu","09:59:14",1709000
16.8,0.05,600,"bu","09:59:10",1705100
16.75,0,500,"sd","09:59:10",1704500
16.8,0.05,1500,"bu","09:59:07",1704000
16.75,0,600,"sd","09:59:07",1702500
16.8,0.05,5000,"bu","09:59:06",1701900
16.8,0.05,2000,"bu","09:59:02",1696900
16.8,0.05,100,"bu","09:59:00",1694900
16.8,0.05,300,"bu","09:58:59",1694800
16.8,0.05,6500,"bu","09:58:56",1694500
16.8,0.05,400,"bu","09:58:55",1688000
16.8,0.05,1400,"bu","09:58:48",1687600
16.8,0.05,600,"bu","09:58:46",1686200
16.8,0.05,300,"bu","09:58:45",1685600
16.8,0.05,4500,"bu","09:58:40",1685300
16.75,0,100,"sd","09:58:40",1680800
16.8,0.05,3000,"bu","09:58:34",1680700
16.8,0.05,200,"bu","09:58:23",1677700
16.8,0.05,500,"bu","09:58:12",1677500
16.8,0.05,25000,"bu","09:58:09",1677000
16.75,0,3000,"sd","09:58:02",1652000
16.8,0.05,10000,"bu","09:58:00",1649000
16.8,0.05,700,"bu","09:57:58",1639000
16.8,0.05,9500,"bu","09:57:54",1638300
16.75,0,300,"sd","09:57:53",1628800
16.8,0.05,31300,"bu","09:57:51",1628500
16.8,0.05,700,"bu","09:57:39",1597200
16.8,0.05,100,"bu","09:57:07",1596500
16.8,0.05,500,"bu","09:56:22",1596400
16.75,0,10000,"sd","09:56:12",1595900
16.8,0.05,100,"bu","09:55:55",1585900
16.8,0.05,1000,"bu","09:55:12",1585800
16.75,0,10000,"sd","09:55:07",1584800
16.8,0.05,100,"bu","09:54:52",1574800
16.8,0.05,100,"bu","09:54:46",1574700
16.8,0.05,500,"bu","09:54:37",1574600
16.8,0.05,7500,"bu","09:54:34",1574100
16.75,0,200,"sd","09:54:29",1566600
16.8,0.05,2000,"bu","09:54:27",1566400
16.8,0.05,200,"bu","09:54:20",1564400
16.8,0.05,300,"bu","09:54:16",1564200
16.8,0.05,4400,"bu","09:54:09",1563900
16.8,0.05,2000,"bu","09:54:05",1559500
16.8,0.05,100,"bu","09:54:04",1557500
16.8,0.05,1900,"bu","09:53:57",1557400
16.8,0.05,1000,"bu","09:53:35",1555500
16.8,0.05,3000,"bu","09:53:28",1554500
16.8,0.05,1000,"bu","09:53:09",1551500
16.8,0.05,2000,"bu","09:53:06",1550500
16.8,0.05,100,"bu","09:52:42",1548500
16.8,0.05,500,"bu","09:52:35",1548400
16.8,0.05,1000,"bu","09:52:26",1547900
16.8,0.05,500,"bu","09:52:15",1546900
16.75,0,100,"sd","09:52:05",1546400
16.75,0,100,"sd","09:51:57",1546300
16.75,0,400,"sd","09:51:51",1546200
16.75,0,300,"sd","09:51:50",1545800
16.75,0,100,"sd","09:51:36",1545500
16.75,0,4000,"sd","09:50:57",1545400
16.75,0,400,"sd","09:50:40",1541400
16.75,0,100,"sd","09:50:39",1541000
16.75,0,100,"sd","09:50:36",1540900
16.75,0,2500,"sd","09:50:26",1540800
16.8,0.05,700,"bu","09:50:20",1538300
16.8,0.05,46700,"sd","09:50:16",1537600
16.8,0.05,2100,"sd","09:50:15",1490900
16.8,0.05,1000,"sd","09:50:13",1488800
16.8,0.05,100,"sd","09:50:07",1487800
16.8,0.05,500,"sd","09:50:04",1487700
16.8,0.05,4500,"sd","09:49:57",1487200
16.8,0.05,5000,"sd","09:49:56",1482700
16.8,0.05,200,"sd","09:49:44",1477700
16.8,0.05,1000,"sd","09:49:41",1477500
16.8,0.05,2000,"sd","09:49:37",1476500
16.8,0.05,4900,"sd","09:49:27",1474500
16.8,0.05,6100,"sd","09:49:26",1469600
16.85,0.1,200,"bu","09:49:25",1463500
16.8,0.05,300,"sd","09:49:25",1463300
16.8,0.05,1500,"sd","09:49:13",1463000
16.8,0.05,2000,"sd","09:49:10",1461500
16.8,0.05,2500,"sd","09:49:07",1459500
16.8,0.05,100,"sd","09:48:44",1457000
16.8,0.05,500,"sd","09:48:40",1456900
16.8,0.05,1000,"sd","09:48:34",1456400
16.8,0.05,500,"sd","09:48:23",1455400
16.8,0.05,100,"sd","09:48:10",1454900
16.8,0.05,100,"sd","09:48:00",1454800
16.8,0.05,10000,"sd","09:47:47",1454700
16.8,0.05,10000,"sd","09:47:38",1444700
16.8,0.05,3000,"sd","09:47:35",1434700
16.8,0.05,200,"sd","09:47:27",1431700
16.8,0.05,500,"sd","09:47:18",1431500
16.85,0.1,300,"bu","09:47:17",1431000
16.8,0.05,400,"sd","09:47:16",1430700
16.8,0.05,200,"sd","09:47:11",1430300
16.8,0.05,500,"sd","09:47:01",1430100
16.8,0.05,1000,"sd","09:47:00",1429600
16.8,0.05,200,"sd","09:46:55",1428600
16.8,0.05,3000,"sd","09:46:53",1428400
16.8,0.05,700,"sd","09:46:52",1425400
16.8,0.05,1300,"sd","09:46:45",1424700
16.8,0.05,3000,"sd","09:46:31",1423400
16.8,0.05,1000,"sd","09:46:23",1420400
16.8,0.05,100,"sd","09:46:20",1419400
16.8,0.05,5000,"sd","09:46:10",1419300
16.8,0.05,100,"sd","09:46:00",1414300
16.8,0.05,400,"sd","09:45:38",1414200
16.8,0.05,1000,"sd","09:45:37",1413800
16.8,0.05,2800,"sd","09:45:33",1412800
16.8,0.05,3200,"bu","09:45:30",1410000
16.8,0.05,100,"bu","09:45:28",1406800
16.8,0.05,1000,"bu","09:45:25",1406700
16.8,0.05,6500,"bu","09:45:25",1405700
16.8,0.05,2000,"bu","09:45:23",1399200
16.8,0.05,2300,"bu","09:45:15",1397200
16.8,0.05,1100,"bu","09:45:13",1394900
16.8,0.05,100,"bu","09:45:10",1393800
16.8,0.05,100,"bu","09:45:08",1393700
16.8,0.05,5000,"bu","09:45:08",1393600
16.8,0.05,500,"bu","09:45:01",1388600
16.8,0.05,7600,"bu","09:44:57",1388100
16.8,0.05,600,"bu","09:44:55",1380500
16.8,0.05,600,"bu","09:44:48",1379900
16.8,0.05,100,"bu","09:44:48",1379300
16.8,0.05,5000,"bu","09:44:46",1379200
16.8,0.05,3000,"bu","09:44:45",1374200
16.8,0.05,19200,"bu","09:44:42",1371200
16.8,0.05,200,"bu","09:44:38",1352000
16.8,0.05,5400,"bu","09:44:36",1351800
16.8,0.05,3500,"bu","09:44:31",1346400
16.8,0.05,100,"bu","09:44:29",1342900
16.8,0.05,6000,"bu","09:44:27",1342800
16.8,0.05,400,"bu","09:44:26",1336800
16.8,0.05,1000,"bu","09:44:23",1336400
16.8,0.05,500,"bu","09:44:21",1335400
16.8,0.05,5000,"bu","09:44:14",1334900
16.8,0.05,10000,"bu","09:44:12",1329900
16.8,0.05,5000,"bu","09:44:05",1319900
16.8,0.05,10000,"bu","09:44:01",1314900
16.8,0.05,2600,"bu","09:43:52",1304900
16.8,0.05,17400,"bu","09:43:51",1302300
16.75,0,200,"sd","09:43:51",1284900
16.75,0,1000,"sd","09:43:39",1284700
16.8,0.05,5000,"bu","09:43:39",1283700
16.75,0,100,"sd","09:43:26",1278700
16.75,0,300,"sd","09:43:20",1278600
16.75,0,3000,"sd","09:43:19",1278300
16.75,0,9200,"sd","09:43:15",1275300
16.75,0,1000,"sd","09:43:06",1266100
16.75,0,1000,"sd","09:42:55",1265100
16.8,0.05,2000,"bu","09:42:54",1264100
16.75,0,2000,"sd","09:42:53",1262100
16.75,0,3000,"sd","09:42:52",1260100
16.75,0,5000,"sd","09:42:49",1257100
16.75,0,300,"sd","09:42:42",1252100
16.75,0,500,"sd","09:42:37",1251800
16.75,0,100,"sd","09:42:16",1251300
16.75,0,3000,"sd","09:41:59",1251200
16.75,0,6000,"sd","09:41:58",1248200
16.75,0,100,"sd","09:41:33",1242200
16.75,0,3000,"sd","09:41:21",1242100
16.75,0,2000,"sd","09:41:20",1239100
16.75,0,2000,"sd","09:41:14",1235100
16.75,0,48900,"sd","09:41:07",1233100
16.75,0,2000,"sd","09:40:56",1184200
16.8,0.05,1000,"bu","09:40:54",1182200
16.75,0,40000,"sd","09:40:51",1181200
16.75,0,29700,"sd","09:40:48",1141200
16.75,0,70300,"sd","09:40:48",1111500
16.8,0.05,5800,"bu","09:40:46",1041200
16.75,0,5000,"sd","09:40:35",1035400
16.8,0.05,100,"bu","09:40:30",1030400
16.75,0,200,"sd","09:40:24",1030300
16.8,0.05,1000,"bu","09:40:23",1030100
16.75,0,8500,"sd","09:40:19",1029100
16.75,0,300,"sd","09:40:16",1020600
16.75,0,3000,"sd","09:40:13",1020300
16.75,0,1000,"sd","09:40:05",1017300
16.75,0,1100,"sd","09:39:50",1016300
16.8,0.05,4000,"bu","09:39:46",1015200
16.75,0,2000,"sd","09:39:41",1011200
16.75,0,5000,"sd","09:39:38",1009200
16.8,0.05,300,"bu","09:39:28",1004200
16.8,0.05,5000,"bu","09:39:25",1003900
16.8,0.05,10000,"bu","09:39:13",998900
16.75,0,100,"sd","09:39:11",988900
16.75,0,100,"sd","09:39:08",988800
16.75,0,1000,"sd","09:39:03",988700
16.8,0.05,300,"bu","09:39:03",987700
16.75,0,1000,"sd","09:38:59",987400
16.75,0,100,"sd","09:38:50",986400
16.75,0,1500,"sd","09:38:47",986300
16.75,0,1000,"sd","09:38:46",984800
16.8,0.05,1000,"bu","09:38:41",983800
16.75,0,10000,"sd","09:38:38",982800
16.75,0,1100,"sd","09:38:37",972800
16.75,0,1000,"sd","09:38:19",971700
16.75,0,400,"sd","09:38:07",970700
16.75,0,2000,"sd","09:38:06",970300
16.75,0,83100,"sd","09:37:58",968300
16.8,0.05,100,"bu","09:37:49",885200
16.75,0,1000,"sd","09:37:36",885100
16.8,0.05,100,"bu","09:37:33",884100
16.75,0,2000,"sd","09:37:26",884000
16.8,0.05,6000,"bu","09:37:03",882000
16.8,0.05,600,"bu","09:37:02",876000
16.8,0.05,1000,"bu","09:36:28",875400
16.8,0.05,400,"bu","09:36:27",874400
16.8,0.05,8900,"sd","09:36:23",874000
16.8,0.05,600,"sd","09:36:17",865100
16.8,0.05,700,"sd","09:36:14",864500
16.8,0.05,100,"sd","09:36:11",863800
16.8,0.05,5000,"sd","09:36:09",863700
16.8,0.05,100,"sd","09:36:06",858700
16.8,0.05,5000,"sd","09:36:02",858600
16.8,0.05,3000,"sd","09:36:01",853600
16.85,0.1,1000,"bu","09:35:56",850600
16.8,0.05,30800,"sd","09:35:52",849600
16.8,0.05,2000,"sd","09:35:51",818800
16.8,0.05,20000,"sd","09:35:48",816800
16.8,0.05,19300,"sd","09:35:40",796800
16.8,0.05,1600,"sd","09:35:36",777500
16.8,0.05,5000,"sd","09:35:34",775900
16.85,0.1,200,"bu","09:35:31",770900
16.8,0.05,100,"sd","09:35:18",770700
16.85,0.1,1100,"bu","09:35:12",770600
16.85,0.1,100,"bu","09:35:03",769500
16.85,0.1,100,"bu","09:34:59",769400
16.85,0.1,500,"bu","09:34:39",768900
16.85,0.1,500,"bu","09:34:32",768400
16.85,0.1,3000,"bu","09:34:17",767900
16.85,0.1,100,"bu","09:34:12",764900
16.85,0.1,3000,"bu","09:33:57",764800
16.85,0.1,100,"bu","09:33:55",761800
16.8,0.05,1400,"sd","09:33:51",761700
16.85,0.1,3000,"bu","09:33:50",760300
16.85,0.1,400,"bu","09:33:25",757300
16.85,0.1,1000,"bu","09:33:17",756900
16.85,0.1,100,"bu","09:33:14",755900
16.85,0.1,100,"bu","09:33:01",755800
16.85,0.1,2000,"bu","09:33:00",755700
16.85,0.1,3000,"bu","09:32:59",753700
16.85,0.1,600,"bu","09:32:59",750700
16.85,0.1,10000,"bu","09:32:48",750100
16.85,0.1,400,"bu","09:32:45",740100
16.85,0.1,400,"bu","09:32:43",739700
16.85,0.1,500,"bu","09:32:24",739300
16.85,0.1,100,"bu","09:32:23",738800
16.85,0.1,100,"sd","09:32:18",738700
16.85,0.1,5000,"sd","09:32:16",738600
16.85,0.1,500,"sd","09:32:15",733600
16.85,0.1,500,"sd","09:32:10",733100
16.85,0.1,17100,"sd","09:32:04",732600
16.85,0.1,2500,"sd","09:32:02",715500
16.85,0.1,100,"sd","09:32:01",713000
16.85,0.1,3400,"sd","09:31:58",712900
16.85,0.1,6900,"sd","09:31:55",709500
16.85,0.1,28000,"sd","09:31:50",702600
16.85,0.1,3000,"sd","09:31:40",674600
16.85,0.1,1000,"sd","09:31:39",671600
16.85,0.1,5000,"sd","09:31:33",670600
16.85,0.1,2000,"sd","09:31:29",665600
16.85,0.1,200,"sd","09:31:24",663600
16.85,0.1,10000,"sd","09:31:19",663400
16.85,0.1,4100,"bu","09:31:16",653400
16.85,0.1,5500,"bu","09:31:16",649300
16.85,0.1,5000,"bu","09:31:14",643800
16.85,0.1,10000,"bu","09:30:55",638800
16.85,0.1,100,"bu","09:30:43",628800
16.85,0.1,100,"bu","09:30:32",628700
16.85,0.1,100,"bu","09:30:24",628600
16.8,0.05,1000,"sd","09:30:23",628500
16.85,0.1,1000,"bu","09:30:13",627500
16.85,0.1,8000,"sd","09:30:10",626500
16.85,0.1,3000,"bu","09:30:02",618500
16.8,0.05,5700,"sd","09:29:56",615500
16.85,0.1,200,"sd","09:29:56",609800
16.85,0.1,5000,"sd","09:29:55",609600
16.85,0.1,2000,"sd","09:29:46",604600
16.85,0.1,12700,"bu","09:29:29",602600
16.85,0.1,100,"bu","09:29:28",589900
16.85,0.1,1000,"bu","09:29:21",589800
16.85,0.1,1000,"bu","09:29:20",588800
16.85,0.1,10000,"bu","09:29:09",587800
16.85,0.1,3000,"bu","09:29:06",577800
16.85,0.1,2000,"bu","09:29:04",574800
16.85,0.1,8900,"bu","09:29:02",572800
16.85,0.1,1000,"bu","09:28:54",563900
16.85,0.1,100,"bu","09:28:50",562900
16.85,0.1,100,"bu","09:28:41",562800
16.85,0.1,2000,"bu","09:28:41",562700
16.85,0.1,2300,"sd","09:28:33",560700
16.85,0.1,6000,"sd","09:28:30",558400
16.85,0.1,5000,"sd","09:28:16",552400
16.85,0.1,100,"sd","09:28:08",547400
16.85,0.1,400,"sd","09:28:07",547300
16.85,0.1,3400,"sd","09:28:02",546900
16.85,0.1,100,"bu","09:27:59",543500
16.85,0.1,5000,"bu","09:27:57",543400
16.85,0.1,1300,"bu","09:27:56",538400
16.85,0.1,100,"bu","09:27:55",537100
16.85,0.1,2000,"bu","09:27:55",537000
16.85,0.1,400,"bu","09:27:50",535000
16.85,0.1,1500,"bu","09:27:50",534600
16.85,0.1,12000,"bu","09:27:42",533100
16.85,0.1,1000,"bu","09:27:38",521100
16.85,0.1,1000,"bu","09:27:31",520100
16.85,0.1,200,"bu","09:27:29",519100
16.85,0.1,1000,"bu","09:27:28",518900
16.85,0.1,500,"bu","09:27:25",517900
16.85,0.1,500,"bu","09:27:23",517400
16.85,0.1,5000,"bu","09:27:22",516900
16.85,0.1,10000,"bu","09:27:21",511900
16.85,0.1,7000,"bu","09:27:20",501900
16.85,0.1,10000,"bu","09:27:18",494900
16.85,0.1,300,"bu","09:27:17",484900
16.85,0.1,1000,"bu","09:27:00",484600
16.85,0.1,100,"bu","09:26:42",483600
16.85,0.1,3600,"bu","09:26:33",483500
16.85,0.1,500,"bu","09:26:30",479900
16.85,0.1,1000,"bu","09:26:22",479400
16.85,0.1,200,"bu","09:26:04",478400
16.85,0.1,200,"bu","09:26:01",478200
16.85,0.1,1300,"sd","09:25:47",478000
16.85,0.1,5000,"sd","09:25:46",476700
16.85,0.1,1000,"sd","09:25:43",471700
16.85,0.1,13000,"sd","09:25:42",470700
16.9,0.15,300,"bu","09:25:40",457700
16.85,0.1,20000,"sd","09:25:36",447400
16.85,0.1,1000,"sd","09:25:34",427400
16.85,0.1,1000,"sd","09:25:30",426400
16.85,0.1,10000,"sd","09:25:29",425400
16.85,0.1,2000,"sd","09:25:26",415400
16.85,0.1,500,"sd","09:25:23",413400
16.85,0.1,6000,"sd","09:25:21",412900
16.85,0.1,20000,"sd","09:25:20",406900
16.85,0.1,4000,"sd","09:25:18",386900
16.85,0.1,7000,"sd","09:25:17",382900
16.85,0.1,10000,"sd","09:25:12",375900
16.85,0.1,300,"sd","09:25:09",365900
16.85,0.1,7000,"sd","09:24:59",365600
16.85,0.1,5000,"sd","09:24:57",358600
16.9,0.15,1000,"bu","09:24:53",353600
16.85,0.1,5000,"sd","09:24:45",352600
16.85,0.1,500,"sd","09:24:33",347600
16.85,0.1,4700,"sd","09:24:33",347100
16.85,0.1,2100,"sd","09:24:32",342400
16.85,0.1,20000,"sd","09:24:30",340300
16.85,0.1,300,"sd","09:24:23",320300
16.85,0.1,2600,"sd","09:24:21",320000
16.85,0.1,600,"sd","09:24:17",317400
16.85,0.1,200,"sd","09:24:10",316800
16.9,0.15,2000,"bu","09:24:07",316600
16.85,0.1,100,"sd","09:23:58",314600
16.85,0.1,1700,"sd","09:23:58",314500
16.85,0.1,2000,"sd","09:23:57",312800
16.9,0.15,100,"bu","09:23:48",310800
16.85,0.1,600,"sd","09:23:47",310700
16.85,0.1,200,"sd","09:23:39",310100
16.85,0.1,100,"sd","09:23:31",309900
16.9,0.15,500,"bu","09:23:26",309800
16.85,0.1,200,"sd","09:23:24",309300
16.85,0.1,300,"sd","09:23:16",309100
16.85,0.1,1200,"sd","09:23:11",308800
16.9,0.15,300,"bu","09:23:09",307600
16.85,0.1,20000,"sd","09:23:06",307300
16.9,0.15,3000,"bu","09:23:05",287300
16.9,0.15,200,"bu","09:23:02",284300
16.9,0.15,300,"bu","09:22:56",284100
16.9,0.15,3000,"bu","09:22:43",283800
16.85,0.1,2000,"sd","09:22:35",280800
16.85,0.1,300,"sd","09:22:29",278800
16.9,0.15,100,"bu","09:22:17",278500
16.85,0.1,100,"sd","09:22:10",278400
16.85,0.1,800,"sd","09:22:00",278300
16.85,0.1,12200,"sd","09:21:59",277500
16.85,0.1,500,"sd","09:21:48",265300
16.85,0.1,2000,"sd","09:21:46",264800
16.85,0.1,400,"sd","09:21:40",262800
16.9,0.15,7000,"bu","09:21:30",262400
16.85,0.1,2000,"sd","09:21:28",255400
16.9,0.15,200,"bu","09:21:24",253400
16.85,0.1,2000,"sd","09:21:20",253200
16.85,0.1,20000,"sd","09:21:10",251200
16.85,0.1,800,"sd","09:21:04",231200
16.9,0.15,2000,"bu","09:21:03",230400
16.85,0.1,1000,"sd","09:21:02",228400
16.85,0.1,5000,"sd","09:20:47",227400
16.9,0.15,300,"bu","09:20:45",222400
16.85,0.1,1000,"sd","09:20:29",222100
16.9,0.15,100,"bu","09:20:23",221100
16.85,0.1,400,"sd","09:20:21",221000
16.85,0.1,5000,"sd","09:20:09",220600
16.85,0.1,100,"sd","09:20:02",215600
16.9,0.15,4700,"bu","09:19:55",215500
16.9,0.15,100,"bu","09:19:47",210800
16.9,0.15,200,"bu","09:19:24",210700
16.9,0.15,200,"bu","09:19:16",210500
16.9,0.15,500,"bu","09:19:10",210300
16.9,0.15,3000,"bu","09:19:02",209800
16.9,0.15,200,"bu","09:18:56",206800
16.9,0.15,6000,"bu","09:18:53",206600
16.85,0.1,100,"sd","09:18:33",200600
16.85,0.1,3000,"sd","09:18:31",200500
16.85,0.1,5000,"sd","09:18:27",197500
16.85,0.1,100,"sd","09:18:23",192500
16.85,0.1,4000,"sd","09:18:03",192400
16.85,0.1,300,"sd","09:17:57",188400
16.9,0.15,400,"bu","09:17:51",188100
16.85,0.1,1000,"sd","09:17:49",187700
16.9,0.15,400,"bu","09:17:40",186700
16.9,0.15,1000,"bu","09:17:31",186300
16.9,0.15,500,"bu","09:17:14",185300
16.85,0.1,500,"sd","09:17:09",184800
16.85,0.1,100,"sd","09:17:06",184300
16.9,0.15,400,"bu","09:16:53",184200
16.9,0.15,2000,"bu","09:16:44",183800
16.9,0.15,300,"bu","09:16:43",181800
16.9,0.15,800,"sd","09:16:18",181500
16.9,0.15,1200,"bu","09:16:16",180700
16.9,0.15,3800,"sd","09:16:13",179500
16.9,0.15,500,"sd","09:16:12",175700
16.9,0.15,75700,"bu","09:16:07",175200
16.9,0.15,700,"bu","09:15:55",99500
16.85,0.1,2300,"sd","09:15:52",98800
16.85,0.1,400,"sd","09:15:48",96500
16.85,0.1,300,"sd","09:15:29",96100
16.85,0.1,1000,"sd","09:15:29",95800
16.85,0.1,2000,"sd","09:15:23",94800
16.85,0.1,1000,"sd","09:15:18",92800
16.85,0.1,100,"sd","09:15:15",91800
16.85,0.1,400,"sd","09:15:14",91700
16.85,0.1,100,"sd","09:15:03",91300
16.9,0.15,500,"bu","09:15:02",91200
16.9,0.15,90700,"","09:15:01",90700
