"price","change","match_qtty","side","time","total_vol"
23.35,-0.05,267300,"","14:45:02",3301000
23.3,-0.1,500,"sd","14:29:47",3033700
23.35,-0.05,200,"bu","14:29:30",3033200
23.35,-0.05,5000,"bu","14:29:26",3033000
23.3,-0.1,100,"bu","14:29:26",3028000
23.3,-0.1,4900,"sd","14:29:23",3027900
23.3,-0.1,2000,"sd","14:29:12",3023000
23.3,-0.1,2000,"sd","14:29:05",3021000
23.3,-0.1,500,"sd","14:29:00",3019000
23.3,-0.1,2000,"sd","14:28:44",3018500
23.35,-0.05,4000,"bu","14:27:42",3016500
23.3,-0.1,2000,"bu","14:27:42",3012500
23.3,-0.1,3200,"sd","14:27:41",3010500
23.3,-0.1,200,"sd","14:27:38",3007300
23.35,-0.05,4500,"bu","14:27:22",3007100
23.35,-0.05,1500,"bu","14:27:18",3002600
23.3,-0.1,10000,"sd","14:27:14",3001100
23.3,-0.1,100,"sd","14:26:53",2991100
23.3,-0.1,4400,"sd","14:26:41",2991000
23.3,-0.1,600,"sd","14:26:35",2986600
23.3,-0.1,300,"bu","14:26:28",2986000
23.3,-0.1,1600,"bu","14:26:25",2985700
23.3,-0.1,9500,"bu","14:26:19",2984100
23.3,-0.1,1000,"bu","14:26:09",2974600
23.3,-0.1,20000,"bu","14:26:04",2973600
23.3,-0.1,5000,"bu","14:25:56",2953600
23.3,-0.1,5000,"bu","14:25:04",2948600
23.3,-0.1,4500,"bu","14:24:55",2943600
23.3,-0.1,1500,"bu","14:24:54",2939100
23.3,-0.1,4500,"bu","14:24:45",2937600
23.25,-0.15,1000,"sd","14:24:37",2933100
23.3,-0.1,4500,"bu","14:24:35",2932100
23.3,-0.1,200,"bu","14:24:18",2927600
23.2,-0.2,13800,"sd","14:24:06",2927400
23.2,-0.2,54700,"sd","14:24:06",2913600
23.25,-0.15,1500,"sd","14:24:06",2858900
23.25,-0.15,35000,"sd","14:23:50",2857400
23.3,-0.1,20000,"bu","14:23:07",2822400
23.3,-0.1,4400,"bu","14:23:04",2802400
23.3,-0.1,1000,"bu","14:22:25",2798000
23.25,-0.15,100,"sd","14:22:21",2797000
23.3,-0.1,1500,"bu","14:22:11",2796900
23.3,-0.1,1500,"bu","14:21:52",2795400
23.3,-0.1,4500,"bu","14:21:39",2793900
23.3,-0.1,3000,"bu","14:21:37",2789400
23.25,-0.15,800,"sd","14:21:35",2786400
23.25,-0.15,9000,"bu","14:21:30",2785600
23.25,-0.15,4500,"bu","14:21:27",2776600
23.25,-0.15,2000,"bu","14:21:21",2772100
23.25,-0.15,4500,"sd","14:21:20",2770100
23.2,-0.2,900,"sd","14:21:04",2765600
23.2,-0.2,9000,"sd","14:21:03",2764700
23.3,-0.1,1900,"bu","14:21:02",2755700
23.25,-0.15,2600,"bu","14:21:02",2753800
23.25,-0.15,10500,"sd","14:21:01",2751200
23.25,-0.15,24000,"bu","14:20:54",2740700
23.25,-0.15,2000,"bu","14:20:54",2716700
23.25,-0.15,4000,"bu","14:20:01",2714700
23.2,-0.2,10000,"sd","14:19:52",2710700
23.2,-0.2,800,"sd","14:19:44",2700700
23.2,-0.2,800,"sd","14:19:13",2699900
23.25,-0.15,300,"bu","14:19:07",2699100
23.2,-0.2,800,"sd","14:18:53",2698800
23.25,-0.15,2300,"bu","14:18:50",2698000
23.25,-0.15,100,"bu","14:18:02",2695700
23.25,-0.15,500,"bu","14:17:55",2695600
23.2,-0.2,100,"sd","14:17:15",2695100
23.2,-0.2,500,"sd","14:16:59",2695000
23.2,-0.2,1000,"sd","14:16:39",2694500
23.2,-0.2,2000,"sd","14:16:03",2693500
23.2,-0.2,25000,"sd","14:15:48",2691500
23.25,-0.15,100,"bu","14:15:39",2666500
23.25,-0.15,7500,"bu","14:15:27",2666400
23.2,-0.2,1500,"sd","14:15:05",2658900
23.2,-0.2,200,"sd","14:15:04",2657400
23.25,-0.15,19500,"sd","14:14:38",2657200
23.3,-0.1,100,"bu","14:14:24",2637700
23.3,-0.1,1000,"bu","14:14:05",2637600
23.3,-0.1,100,"bu","14:13:55",2636600
23.3,-0.1,34700,"bu","14:13:33",2636500
23.25,-0.15,26000,"bu","14:13:30",2601800
23.25,-0.15,1000,"bu","14:13:28",2575800
23.25,-0.15,500,"bu","14:13:19",2574800
23.25,-0.15,10000,"bu","14:13:11",2574300
23.25,-0.15,300,"bu","14:13:10",2564300
23.25,-0.15,100,"bu","14:13:09",2564000
23.25,-0.15,2000,"bu","14:12:54",2563900
23.25,-0.15,300,"bu","14:12:52",2561900
23.2,-0.2,1500,"sd","14:12:32",2561600
23.2,-0.2,100,"sd","14:12:24",2560100
23.2,-0.2,1500,"sd","14:12:16",2560000
23.2,-0.2,7200,"sd","14:11:56",2558500
23.2,-0.2,100,"sd","14:11:54",2551300
23.2,-0.2,2600,"sd","14:11:50",2551200
23.2,-0.2,500,"sd","14:11:46",2548600
23.25,-0.15,10000,"bu","14:10:55",2548100
23.25,-0.15,100,"bu","14:10:49",2538100
23.25,-0.15,100,"bu","14:10:42",2538000
23.25,-0.15,59800,"sd","14:10:34",2537900
23.25,-0.15,1000,"sd","14:10:29",2478100
23.25,-0.15,500,"sd","14:09:48",2477100
23.3,-0.1,200,"bu","14:09:01",2476600
23.3,-0.1,2000,"bu","14:08:46",2476400
23.3,-0.1,300,"bu","14:08:26",2474400
23.3,-0.1,9000,"sd","14:08:13",2474100
23.3,-0.1,1000,"bu","14:08:04",2465100
23.3,-0.1,100,"bu","14:07:54",2464100
23.3,-0.1,800,"sd","14:07:03",2464000
23.3,-0.1,10200,"sd","14:06:30",2463200
23.35,-0.05,100,"bu","14:06:08",2453000
23.35,-0.05,100,"bu","14:05:48",2452900
23.3,-0.1,1000,"bu","14:05:36",2452800
23.3,-0.1,2300,"sd","14:05:25",2451800
23.3,-0.1,6700,"sd","14:05:25",2449500
23.3,-0.1,5200,"sd","14:05:11",2442800
23.35,-0.05,200,"bu","14:04:44",2437600
23.35,-0.05,500,"bu","14:04:17",2437400
23.3,-0.1,400,"sd","14:04:16",2436900
23.35,-0.05,100,"bu","14:03:48",2436500
23.3,-0.1,1000,"sd","14:03:35",2436400
23.3,-0.1,3000,"sd","14:02:46",2435400
23.3,-0.1,4000,"bu","14:01:52",2432400
23.3,-0.1,500,"bu","14:01:48",2428400
23.3,-0.1,800,"bu","14:01:29",2427900
23.25,-0.15,5000,"sd","14:01:21",2427100
23.3,-0.1,500,"bu","14:00:23",2422100
23.3,-0.1,10000,"bu","14:00:01",2421600
23.3,-0.1,100,"bu","13:59:54",2411600
23.25,-0.15,200,"sd","13:59:52",2411500
23.3,-0.1,22000,"bu","13:59:08",2411300
23.3,-0.1,3900,"bu","13:58:43",2389300
23.3,-0.1,4500,"bu","13:58:39",2385400
23.3,-0.1,4500,"bu","13:58:22",2380900
23.3,-0.1,3000,"bu","13:58:21",2376400
23.3,-0.1,100,"bu","13:57:54",2373400
23.3,-0.1,100,"bu","13:57:53",2373300
23.3,-0.1,1500,"bu","13:57:51",2373200
23.3,-0.1,200,"bu","13:57:43",2371700
23.25,-0.15,400,"sd","13:56:19",2371500
23.3,-0.1,100,"bu","13:56:09",2371100
23.25,-0.15,100,"sd","13:55:50",2371000
23.3,-0.1,1000,"bu","13:55:42",2370900
23.3,-0.1,100,"bu","13:55:03",2369900
23.25,-0.15,100,"sd","13:54:38",2369800
23.25,-0.15,100,"sd","13:54:18",2369700
23.25,-0.15,500,"sd","13:53:27",2369600
23.25,-0.15,1000,"sd","13:53:25",2369100
23.25,-0.15,100,"sd","13:53:13",2368100
23.25,-0.15,3700,"sd","13:53:03",2368000
23.25,-0.15,41300,"bu","13:52:28",2364300
23.2,-0.2,700,"sd","13:52:25",2323000
23.2,-0.2,800,"sd","13:52:24",2322300
23.2,-0.2,100,"sd","13:52:10",2321500
23.2,-0.2,1000,"sd","13:51:10",2321400
23.2,-0.2,500,"sd","13:51:07",2320400
23.2,-0.2,600,"sd","13:50:52",2319900
23.2,-0.2,200,"sd","13:50:20",2319300
23.2,-0.2,300,"sd","13:50:18",2319100
23.2,-0.2,200,"sd","13:50:12",2318800
23.2,-0.2,2500,"sd","13:49:58",2318600
23.2,-0.2,200,"sd","13:48:32",2316100
23.2,-0.2,1000,"sd","13:47:58",2315900
23.25,-0.15,100,"bu","13:47:27",2314900
23.25,-0.15,100,"bu","13:47:16",2314800
23.25,-0.15,300,"bu","13:46:46",2314700
23.25,-0.15,500,"bu","13:46:09",2314400
23.25,-0.15,200,"bu","13:46:05",2313900
23.25,-0.15,100,"bu","13:45:55",2313700
23.25,-0.15,1100,"bu","13:45:10",2313600
23.25,-0.15,100,"bu","13:44:50",2312500
23.25,-0.15,1000,"bu","13:44:33",2312400
23.25,-0.15,100,"bu","13:44:30",2311400
23.25,-0.15,8700,"bu","13:44:28",2311300
23.25,-0.15,12800,"bu","13:44:25",2302600
23.25,-0.15,500,"bu","13:43:30",2289800
23.25,-0.15,100,"bu","13:42:47",2289300
23.25,-0.15,100,"bu","13:41:53",2289200
23.2,-0.2,2500,"sd","13:41:39",2289100
23.2,-0.2,600,"sd","13:41:37",2286600
23.25,-0.15,200,"bu","13:38:52",2286000
23.25,-0.15,200,"bu","13:38:12",2285800
23.2,-0.2,1000,"sd","13:37:44",2285600
23.2,-0.2,2000,"sd","13:37:37",2284600
23.2,-0.2,1000,"sd","13:37:30",2282600
23.2,-0.2,1500,"sd","13:37:21",2281600
23.25,-0.15,100,"bu","13:37:19",2280100
23.2,-0.2,100,"sd","13:36:35",2280000
23.25,-0.15,800,"bu","13:36:12",2279900
23.2,-0.2,6000,"sd","13:35:40",2279100
23.25,-0.15,30000,"bu","13:35:06",2273100
23.2,-0.2,4300,"sd","13:35:02",2243100
23.2,-0.2,9300,"sd","13:35:00",2238800
23.25,-0.15,1000,"bu","13:34:01",2229500
23.2,-0.2,200,"sd","13:33:46",2228500
23.25,-0.15,100,"bu","13:33:26",2228300
23.25,-0.15,6000,"sd","13:32:52",2228200
23.25,-0.15,1800,"sd","13:32:09",2222200
23.3,-0.1,300,"bu","13:31:32",2220400
23.25,-0.15,1100,"bu","13:31:29",2220100
23.25,-0.15,1900,"sd","13:31:20",2219000
23.25,-0.15,5000,"sd","13:30:07",2217100
23.25,-0.15,1600,"bu","13:28:47",2212100
23.25,-0.15,100,"bu","13:28:46",2210500
23.25,-0.15,1000,"bu","13:28:32",2210400
23.25,-0.15,11000,"bu","13:28:30",2209400
23.25,-0.15,20000,"bu","13:28:22",2198400
23.25,-0.15,1600,"bu","13:28:17",2178400
23.25,-0.15,100,"bu","13:28:15",2176800
23.25,-0.15,3000,"bu","13:28:07",2176700
23.25,-0.15,2000,"bu","13:27:54",2173700
23.25,-0.15,1000,"bu","13:27:38",2171700
23.25,-0.15,2000,"bu","13:27:04",2170700
23.25,-0.15,100,"bu","13:26:32",2168700
23.25,-0.15,1500,"bu","13:26:31",2168600
23.25,-0.15,500,"bu","13:26:14",2167100
23.25,-0.15,100,"bu","13:26:07",2166600
23.25,-0.15,200,"bu","13:26:00",2166500
23.25,-0.15,300,"bu","13:25:55",2166300
23.25,-0.15,5000,"bu","13:25:43",2166000
23.25,-0.15,500,"bu","13:25:42",2161000
23.2,-0.2,39000,"sd","13:25:41",2160500
23.2,-0.2,5000,"sd","13:25:32",2121500
23.25,-0.15,10000,"bu","13:25:29",2116500
23.2,-0.2,5000,"sd","13:25:28",2106500
23.25,-0.15,300,"bu","13:25:20",2101500
23.25,-0.15,100,"bu","13:25:15",2101200
23.25,-0.15,2000,"bu","13:24:49",2101100
23.2,-0.2,5000,"sd","13:23:57",2099100
23.2,-0.2,100,"sd","13:23:54",2094100
23.2,-0.2,5000,"sd","13:23:50",2094000
23.2,-0.2,200,"sd","13:22:41",2089000
23.2,-0.2,1500,"sd","13:22:25",2088800
23.2,-0.2,1400,"bu","13:22:19",2087300
23.2,-0.2,100,"bu","13:22:18",2085900
23.2,-0.2,1200,"bu","13:22:18",2085800
23.2,-0.2,5000,"bu","13:22:14",2084600
23.2,-0.2,500,"bu","13:22:13",2079600
23.2,-0.2,5000,"bu","13:22:09",2079100
23.15,-0.25,5000,"sd","13:22:09",2074100
23.2,-0.2,1600,"bu","13:22:04",2069100
23.15,-0.25,5000,"sd","13:22:04",2067500
23.2,-0.2,10000,"bu","13:22:00",2062500
23.2,-0.2,600,"bu","13:21:59",2052500
23.2,-0.2,300,"bu","13:21:58",2051900
23.2,-0.2,500,"bu","13:21:44",2051600
23.2,-0.2,100,"bu","13:21:42",2051100
23.2,-0.2,200,"bu","13:21:37",2051000
23.2,-0.2,100,"bu","13:21:26",2050800
23.2,-0.2,10000,"bu","13:21:24",2050700
23.2,-0.2,100,"bu","13:21:22",2040700
23.2,-0.2,2500,"bu","13:21:10",2040600
23.2,-0.2,500,"bu","13:20:10",2038100
23.2,-0.2,500,"bu","13:19:50",2037600
23.2,-0.2,900,"bu","13:19:48",2037100
23.2,-0.2,5000,"bu","13:19:31",2036200
23.15,-0.25,200,"sd","13:19:15",2031200
23.2,-0.2,12000,"bu","13:19:05",2031000
23.2,-0.2,2000,"bu","13:18:57",2019000
23.2,-0.2,1000,"bu","13:17:55",2017000
23.2,-0.2,1200,"bu","13:17:48",2016000
23.2,-0.2,200,"bu","13:17:46",2014800
23.15,-0.25,5000,"sd","13:16:55",2014600
23.2,-0.2,1500,"bu","13:16:45",2009600
23.2,-0.2,500,"bu","13:16:05",2008100
23.2,-0.2,500,"bu","13:15:27",2007600
23.2,-0.2,100,"bu","13:14:45",2007100
23.2,-0.2,15800,"bu","13:14:20",2007000
23.2,-0.2,4500,"bu","13:14:17",1991200
23.2,-0.2,1000,"bu","13:13:50",1986700
23.2,-0.2,10000,"sd","13:12:49",1985700
23.2,-0.2,18000,"sd","13:12:15",1975700
23.2,-0.2,500,"sd","13:12:06",1957700
23.2,-0.2,10000,"sd","13:11:58",1957200
23.2,-0.2,100,"sd","13:11:43",1947200
23.2,-0.2,5000,"sd","13:11:32",1947100
23.25,-0.15,100,"bu","13:11:13",1942100
23.2,-0.2,200,"sd","13:10:00",1942000
23.2,-0.2,1300,"sd","13:08:58",1941800
23.2,-0.2,500,"sd","13:08:25",1940500
23.2,-0.2,100,"sd","13:08:13",1940000
23.2,-0.2,1500,"sd","13:07:51",1939900
23.15,-0.25,700,"sd","13:07:26",1938400
23.2,-0.2,11700,"bu","13:07:23",1937700
23.2,-0.2,8300,"sd","13:06:59",1926000
23.2,-0.2,1500,"sd","13:06:57",1917700
23.2,-0.2,1700,"sd","13:06:43",1916200
23.2,-0.2,500,"sd","13:06:23",1914500
23.2,-0.2,300,"sd","13:06:20",1914000
23.2,-0.2,2000,"sd","13:06:12",1913700
23.2,-0.2,1000,"sd","13:05:44",1911700
23.2,-0.2,1000,"bu","13:03:42",1910700
23.2,-0.2,100,"bu","13:03:33",1909700
23.2,-0.2,200,"sd","13:03:13",1909600
23.2,-0.2,500,"sd","13:02:46",1909400
23.2,-0.2,1000,"sd","13:02:41",1908900
23.2,-0.2,400,"sd","13:02:39",1907900
23.2,-0.2,500,"sd","13:02:17",1907500
23.2,-0.2,11900,"bu","13:02:01",1907000
23.2,-0.2,200,"bu","13:01:10",1895100
23.2,-0.2,5000,"bu","13:00:54",1894900
23.2,-0.2,100,"bu","13:00:44",1889900
23.2,-0.2,5000,"bu","13:00:25",1889800
23.2,-0.2,2000,"bu","13:00:23",1884800
23.2,-0.2,200,"bu","13:00:21",1882800
23.2,-0.2,1500,"bu","13:00:20",1882600
23.2,-0.2,10000,"bu","13:00:18",1881100
23.2,-0.2,100,"bu","13:00:16",1871100
23.2,-0.2,400,"bu","13:00:11",1871000
23.2,-0.2,2000,"bu","13:00:05",1870600
23.2,-0.2,100,"bu","13:00:04",1868600
23.2,-0.2,100,"bu","13:00:03",1868500
23.2,-0.2,5200,"bu","13:00:02",1868400
23.2,-0.2,500,"bu","13:00:01",1863200
23.2,-0.2,4500,"bu","11:29:57",1862700
23.15,-0.25,5000,"sd","11:29:33",1858200
23.15,-0.25,600,"sd","11:28:54",1853200
23.2,-0.2,100,"bu","11:28:46",1852600
23.2,-0.2,1000,"bu","11:27:49",1852500
23.2,-0.2,400,"bu","11:27:17",1851500
23.2,-0.2,1000,"bu","11:26:53",1851100
23.2,-0.2,100,"bu","11:26:03",1850100
23.2,-0.2,100,"bu","11:25:29",1850000
23.2,-0.2,100,"bu","11:25:13",1849900
23.2,-0.2,1000,"bu","11:25:07",1849800
23.2,-0.2,1000,"bu","11:24:49",1848800
23.2,-0.2,1500,"bu","11:24:09",1847800
23.2,-0.2,5700,"bu","11:24:05",1846300
23.15,-0.25,5000,"sd","11:24:02",1840600
23.2,-0.2,1000,"bu","11:23:54",1835600
23.2,-0.2,1500,"bu","11:23:23",1834600
23.15,-0.25,7900,"sd","11:23:22",1833100
23.2,-0.2,200,"bu","11:23:22",1825200
23.2,-0.2,1000,"bu","11:22:04",1825000
23.2,-0.2,1500,"bu","11:22:03",1824000
23.2,-0.2,1000,"bu","11:21:57",1822500
23.2,-0.2,1500,"bu","11:21:38",1821500
23.15,-0.25,500,"sd","11:21:29",1820000
23.15,-0.25,10000,"sd","11:21:20",1819500
23.2,-0.2,1500,"bu","11:21:14",1809500
23.2,-0.2,500,"bu","11:21:07",1808000
23.2,-0.2,1500,"bu","11:20:47",1807500
23.2,-0.2,1500,"bu","11:20:17",1806000
23.15,-0.25,9800,"sd","11:19:45",1804500
23.15,-0.25,200,"sd","11:19:45",1794700
23.15,-0.25,300,"sd","11:18:51",1794500
23.15,-0.25,500,"sd","11:18:23",1794200
23.15,-0.25,5000,"sd","11:18:13",1793700
23.2,-0.2,300,"bu","11:16:54",1788700
23.2,-0.2,5700,"bu","11:16:51",1788400
23.2,-0.2,1400,"bu","11:16:45",1782700
23.15,-0.25,1400,"sd","11:16:44",1781300
23.2,-0.2,100,"bu","11:16:42",1779900
23.2,-0.2,1300,"bu","11:16:03",1779800
23.15,-0.25,3000,"sd","11:16:00",1778500
23.2,-0.2,1200,"bu","11:15:53",1775500
23.2,-0.2,500,"bu","11:15:42",1774300
23.15,-0.25,1000,"sd","11:14:52",1773800
23.15,-0.25,50000,"sd","11:14:23",1772800
23.2,-0.2,5000,"bu","11:13:42",1722800
23.2,-0.2,1000,"bu","11:13:34",1717800
23.15,-0.25,200,"sd","11:12:48",1716800
23.15,-0.25,1900,"sd","11:12:19",1716600
23.15,-0.25,68100,"sd","11:12:18",1714700
23.15,-0.25,5000,"sd","11:11:30",1646600
23.15,-0.25,5000,"sd","11:11:25",1641600
23.2,-0.2,700,"bu","11:11:11",1636600
23.2,-0.2,100,"bu","11:09:50",1635900
23.2,-0.2,100,"bu","11:09:24",1635800
23.15,-0.25,2200,"sd","11:09:07",1635700
23.15,-0.25,1400,"sd","11:06:32",1633500
23.2,-0.2,1300,"bu","11:05:56",1632100
23.15,-0.25,5000,"sd","11:05:55",1630800
23.2,-0.2,100,"bu","11:05:42",1625800
23.2,-0.2,300,"bu","11:05:33",1625700
23.2,-0.2,100,"bu","11:05:29",1625400
23.2,-0.2,2500,"bu","11:05:18",1625300
23.2,-0.2,2000,"bu","11:05:13",1622800
23.15,-0.25,4000,"sd","11:04:57",1620800
23.2,-0.2,500,"bu","11:04:57",1616800
23.15,-0.25,1000,"sd","11:04:46",1616300
23.2,-0.2,6000,"bu","11:04:34",1615300
23.2,-0.2,100,"bu","11:04:33",1609300
23.2,-0.2,2000,"bu","11:03:58",1609200
23.2,-0.2,1000,"bu","11:03:58",1607200
23.2,-0.2,200,"bu","11:03:50",1606200
23.2,-0.2,2200,"bu","11:03:47",1606000
23.2,-0.2,100,"bu","11:03:34",1603800
23.2,-0.2,7300,"bu","11:03:28",1603700
23.2,-0.2,2000,"bu","11:03:25",1596400
23.2,-0.2,200,"bu","11:03:20",1594400
23.2,-0.2,200,"bu","11:03:08",1594200
23.15,-0.25,5000,"sd","11:02:46",1594000
23.2,-0.2,100,"bu","11:02:41",1589000
23.2,-0.2,3100,"bu","11:02:30",1588900
23.2,-0.2,200,"bu","11:02:25",1585800
23.2,-0.2,4000,"bu","11:02:16",1585600
23.2,-0.2,100,"bu","11:01:55",1581600
23.2,-0.2,2400,"bu","11:01:23",1581500
23.15,-0.25,5000,"sd","11:00:56",1579100
23.2,-0.2,100,"bu","11:00:52",1574100
23.2,-0.2,76100,"sd","11:00:48",1574000
23.2,-0.2,300,"sd","11:00:09",1497900
23.25,-0.15,2400,"bu","10:59:43",1497600
23.25,-0.15,5900,"bu","10:59:04",1495200
23.25,-0.15,6000,"bu","10:58:30",1489300
23.2,-0.2,7300,"bu","10:58:11",1483300
23.2,-0.2,100,"bu","10:58:08",1476000
23.2,-0.2,200,"bu","10:58:07",1475900
23.2,-0.2,100,"bu","10:58:03",1475700
23.2,-0.2,100,"bu","10:58:01",1475600
23.2,-0.2,100,"bu","10:57:58",1475500
23.2,-0.2,10000,"bu","10:57:55",1475400
23.2,-0.2,5000,"bu","10:57:48",1465400
23.2,-0.2,3500,"bu","10:57:21",1460400
23.2,-0.2,100,"bu","10:56:33",1456900
23.2,-0.2,1000,"bu","10:56:31",1456800
23.2,-0.2,1000,"bu","10:56:30",1455800
23.2,-0.2,1000,"bu","10:56:16",1454800
23.2,-0.2,1800,"bu","10:56:05",1453800
23.2,-0.2,5000,"bu","10:55:59",1452000
23.15,-0.25,1000,"sd","10:55:42",1447000
23.15,-0.25,7200,"bu","10:55:26",1446000
23.15,-0.25,5000,"bu","10:55:25",1438800
23.15,-0.25,200,"bu","10:55:24",1433800
23.15,-0.25,100,"bu","10:55:21",1433600
23.15,-0.25,4900,"bu","10:55:17",1433500
23.15,-0.25,500,"bu","10:55:11",1428600
23.15,-0.25,200,"bu","10:55:02",1428100
23.15,-0.25,1500,"bu","10:54:55",1427900
23.15,-0.25,100,"bu","10:54:54",1426400
23.15,-0.25,300,"bu","10:54:51",1426300
23.15,-0.25,500,"bu","10:54:49",1426000
23.15,-0.25,1500,"bu","10:54:45",1425500
23.15,-0.25,1000,"bu","10:54:38",1424000
23.15,-0.25,100,"bu","10:54:12",1423000
23.15,-0.25,100,"bu","10:54:07",1422900
23.15,-0.25,6800,"sd","10:54:03",1422800
23.15,-0.25,2900,"bu","10:53:56",1416000
23.1,-0.3,33400,"sd","10:53:54",1413100
23.15,-0.25,100,"bu","10:53:53",1379700
23.15,-0.25,800,"bu","10:53:50",1379600
23.15,-0.25,46200,"sd","10:53:49",1378800
23.2,-0.2,200,"bu","10:53:42",1332600
23.2,-0.2,100,"bu","10:53:31",1332400
23.15,-0.25,14100,"sd","10:53:29",1332300
23.15,-0.25,1000,"sd","10:53:27",1318200
23.2,-0.2,10000,"bu","10:53:24",1317200
23.2,-0.2,100,"bu","10:53:21",1307200
23.2,-0.2,1000,"bu","10:52:49",1307100
23.2,-0.2,500,"bu","10:52:48",1306100
23.2,-0.2,100,"bu","10:52:36",1305600
23.2,-0.2,1700,"bu","10:52:23",1305500
23.2,-0.2,100,"bu","10:52:10",1303800
23.2,-0.2,300,"sd","10:51:59",1303700
23.2,-0.2,2500,"sd","10:51:41",1303400
23.2,-0.2,9700,"sd","10:51:40",1300900
23.2,-0.2,5900,"sd","10:51:40",1291200
23.2,-0.2,400,"sd","10:51:36",1285300
23.2,-0.2,6000,"sd","10:51:25",1284900
23.2,-0.2,500,"sd","10:51:20",1278900
23.2,-0.2,2800,"sd","10:51:17",1278400
23.2,-0.2,200,"sd","10:51:12",1275600
23.2,-0.2,20000,"sd","10:51:05",1275400
23.2,-0.2,30000,"sd","10:50:48",1255400
23.2,-0.2,9000,"sd","10:50:31",1225400
23.2,-0.2,6000,"sd","10:50:29",1216400
23.2,-0.2,7200,"sd","10:50:23",1210400
23.2,-0.2,8700,"sd","10:50:07",1203200
23.2,-0.2,4500,"sd","10:49:58",1194500
23.2,-0.2,1500,"sd","10:49:50",1190000
23.25,-0.15,1000,"bu","10:49:46",1188500
23.25,-0.15,100,"bu","10:49:39",1187500
23.2,-0.2,6800,"sd","10:49:25",1187400
23.2,-0.2,2800,"sd","10:49:09",1180600
23.2,-0.2,200,"sd","10:49:06",1177800
23.25,-0.15,2000,"bu","10:48:47",1177600
23.25,-0.15,100,"bu","10:48:40",1175600
23.25,-0.15,1000,"bu","10:48:17",1175500
23.25,-0.15,18700,"sd","10:48:08",1174500
23.25,-0.15,1500,"sd","10:48:06",1155800
23.25,-0.15,47000,"sd","10:48:00",1154300
23.25,-0.15,700,"sd","10:47:57",1107300
23.25,-0.15,700,"sd","10:47:53",1106600
23.25,-0.15,2800,"sd","10:47:52",1105900
23.25,-0.15,200,"sd","10:47:50",1103100
23.25,-0.15,20000,"sd","10:47:49",1102900
23.25,-0.15,700,"sd","10:47:48",1082900
23.25,-0.15,20000,"sd","10:47:39",1082200
23.25,-0.15,100,"sd","10:47:27",1062200
23.25,-0.15,100,"sd","10:47:13",1062100
23.3,-0.1,100,"bu","10:47:04",1062000
23.3,-0.1,1000,"bu","10:47:02",1061900
23.25,-0.15,2000,"sd","10:46:34",1060900
23.3,-0.1,1000,"bu","10:44:19",1058900
23.3,-0.1,100,"bu","10:44:01",1057900
23.3,-0.1,900,"bu","10:43:50",1057800
23.3,-0.1,500,"bu","10:43:34",1056900
23.3,-0.1,200,"bu","10:42:32",1056400
23.3,-0.1,100,"bu","10:42:10",1056200
23.25,-0.15,1500,"sd","10:41:46",1056100
23.3,-0.1,2000,"bu","10:41:37",1054600
23.25,-0.15,4800,"sd","10:41:35",1052600
23.3,-0.1,500,"bu","10:41:29",1047800
23.3,-0.1,100,"bu","10:41:18",1047300
23.3,-0.1,1000,"bu","10:40:54",1047200
23.3,-0.1,100,"bu","10:40:45",1046200
23.3,-0.1,700,"bu","10:40:15",1046100
23.3,-0.1,13800,"sd","10:39:44",1045400
23.3,-0.1,100,"sd","10:39:31",1031600
23.3,-0.1,200,"sd","10:39:29",1031500
23.3,-0.1,200,"sd","10:39:20",1031300
23.3,-0.1,21900,"bu","10:38:10",1031100
23.3,-0.1,400,"bu","10:38:06",1009200
23.3,-0.1,100,"bu","10:37:58",1008800
23.3,-0.1,100,"bu","10:37:55",1008700
23.3,-0.1,100,"bu","10:37:51",1008600
23.3,-0.1,100,"bu","10:37:47",1008500
23.3,-0.1,200,"bu","10:37:38",1008400
23.25,-0.15,1500,"sd","10:37:38",1008200
23.3,-0.1,100,"bu","10:37:35",1006700
23.3,-0.1,10000,"bu","10:37:10",1006600
23.3,-0.1,100,"bu","10:37:10",996600
23.3,-0.1,500,"bu","10:36:48",996500
23.3,-0.1,1000,"bu","10:36:39",996000
23.3,-0.1,200,"bu","10:36:26",995000
23.3,-0.1,2000,"bu","10:36:12",994800
23.3,-0.1,100,"bu","10:35:55",992800
23.3,-0.1,100,"bu","10:35:44",992700
23.3,-0.1,200,"bu","10:35:30",992600
23.3,-0.1,400,"bu","10:35:19",992400
23.3,-0.1,1000,"bu","10:35:18",992000
23.3,-0.1,200,"bu","10:35:14",991000
23.3,-0.1,5000,"bu","10:35:09",990800
23.3,-0.1,100,"bu","10:34:39",985800
23.3,-0.1,7700,"sd","10:34:39",985700
23.3,-0.1,113500,"sd","10:34:33",978000
23.3,-0.1,9300,"sd","10:34:33",864500
23.3,-0.1,5000,"sd","10:34:22",855200
23.3,-0.1,2000,"sd","10:34:16",850200
23.3,-0.1,4500,"sd","10:34:14",848200
23.3,-0.1,1500,"sd","10:33:54",843700
23.3,-0.1,200,"sd","10:33:00",842200
23.3,-0.1,1500,"sd","10:32:35",842000
23.35,-0.05,2500,"bu","10:32:29",840500
23.3,-0.1,700,"sd","10:32:21",838000
23.3,-0.1,5000,"sd","10:32:20",837300
23.3,-0.1,1500,"sd","10:31:55",832300
23.3,-0.1,700,"sd","10:31:51",830800
23.3,-0.1,700,"sd","10:31:44",830100
23.3,-0.1,700,"sd","10:31:41",829400
23.3,-0.1,700,"sd","10:31:35",828700
23.3,-0.1,700,"sd","10:31:29",828000
23.35,-0.05,500,"bu","10:31:16",827300
23.3,-0.1,1500,"sd","10:31:09",826800
23.3,-0.1,500,"sd","10:31:03",825300
23.3,-0.1,2000,"sd","10:30:44",824800
23.3,-0.1,9100,"sd","10:30:37",822800
23.35,-0.05,100,"bu","10:29:59",813700
23.3,-0.1,2900,"sd","10:29:59",813600
23.35,-0.05,1000,"bu","10:29:49",810700
23.35,-0.05,500,"bu","10:29:23",809700
23.3,-0.1,100,"sd","10:28:35",809200
23.3,-0.1,100,"sd","10:28:25",809100
23.35,-0.05,1000,"bu","10:28:24",809000
23.35,-0.05,100,"bu","10:27:58",808000
23.35,-0.05,800,"bu","10:27:55",807900
23.35,-0.05,100,"bu","10:27:42",807100
23.35,-0.05,4500,"bu","10:25:45",807000
23.35,-0.05,100,"bu","10:25:20",802500
23.35,-0.05,1000,"bu","10:25:15",802400
23.35,-0.05,400,"bu","10:25:05",801400
23.35,-0.05,100,"bu","10:24:23",801000
23.35,-0.05,100,"bu","10:24:06",800900
23.35,-0.05,200,"bu","10:23:53",800800
23.35,-0.05,100,"bu","10:23:41",800600
23.35,-0.05,33900,"bu","10:22:30",800500
23.35,-0.05,100,"bu","10:22:15",766600
23.35,-0.05,100,"bu","10:22:12",766500
23.35,-0.05,100,"bu","10:22:04",766400
23.3,-0.1,1000,"sd","10:21:15",766300
23.35,-0.05,100,"bu","10:20:38",765300
23.35,-0.05,1000,"bu","10:20:13",765200
23.35,-0.05,300,"bu","10:19:59",764200
23.35,-0.05,100,"bu","10:19:13",763900
23.35,-0.05,3000,"bu","10:19:08",763800
23.35,-0.05,2400,"bu","10:19:07",760800
23.35,-0.05,1000,"bu","10:17:52",758400
23.35,-0.05,4500,"bu","10:17:48",757400
23.35,-0.05,1500,"bu","10:17:42",752900
23.35,-0.05,1000,"bu","10:17:06",751400
23.35,-0.05,100,"bu","10:16:55",750400
23.35,-0.05,5000,"bu","10:16:49",750300
23.35,-0.05,100,"sd","10:16:35",745300
23.35,-0.05,2800,"sd","10:16:23",745200
23.35,-0.05,200,"sd","10:16:21",742400
23.35,-0.05,500,"sd","10:16:16",742200
23.35,-0.05,2800,"sd","10:15:57",741700
23.35,-0.05,200,"sd","10:15:55",738900
23.35,-0.05,2800,"sd","10:15:50",738700
23.35,-0.05,200,"sd","10:15:47",735900
23.35,-0.05,2800,"sd","10:14:47",735700
23.35,-0.05,200,"sd","10:14:44",732900
23.35,-0.05,2800,"sd","10:14:42",732700
23.35,-0.05,200,"sd","10:14:40",729900
23.35,-0.05,1000,"sd","10:14:17",729700
23.35,-0.05,500,"sd","10:13:27",728700
23.35,-0.05,100,"sd","10:12:58",728200
23.35,-0.05,100,"sd","10:12:35",728100
23.35,-0.05,8100,"sd","10:12:20",728000
23.35,-0.05,4000,"bu","10:12:07",719900
23.3,-0.1,4000,"sd","10:12:04",715900
23.3,-0.1,7900,"sd","10:11:59",711900
23.35,-0.05,2000,"bu","10:11:59",704000
23.35,-0.05,800,"bu","10:11:55",702000
23.35,-0.05,100,"bu","10:11:54",701200
23.35,-0.05,300,"bu","10:11:36",701100
23.35,-0.05,4500,"bu","10:11:24",700800
23.35,-0.05,200,"bu","10:11:21",696300
23.35,-0.05,100,"bu","10:11:18",696100
23.35,-0.05,100,"bu","10:11:11",696000
23.35,-0.05,100,"bu","10:10:58",695900
23.35,-0.05,100,"bu","10:10:34",695800
23.35,-0.05,3600,"bu","10:10:33",695700
23.35,-0.05,200,"bu","10:10:29",691400
23.35,-0.05,100,"bu","10:09:17",691200
23.35,-0.05,400,"bu","10:09:12",691100
23.35,-0.05,2000,"bu","10:09:01",690700
23.35,-0.05,100,"bu","10:08:51",688700
23.35,-0.05,200,"bu","10:08:42",688600
23.35,-0.05,4000,"bu","10:08:29",688400
23.35,-0.05,300,"bu","10:08:24",684400
23.3,-0.1,2800,"sd","10:08:22",684100
23.3,-0.1,200,"sd","10:08:20",681300
23.3,-0.1,2800,"sd","10:08:11",681100
23.35,-0.05,6700,"bu","10:08:09",678300
23.3,-0.1,200,"sd","10:08:08",671600
23.35,-0.05,5000,"bu","10:08:06",671400
23.3,-0.1,2800,"sd","10:08:05",666400
23.3,-0.1,200,"sd","10:08:03",663600
23.35,-0.05,600,"bu","10:08:03",663400
23.35,-0.05,5000,"bu","10:07:53",662800
23.35,-0.05,5000,"bu","10:07:36",657800
23.35,-0.05,1200,"bu","10:07:16",652800
23.35,-0.05,100,"bu","10:07:15",651600
23.35,-0.05,10000,"bu","10:07:00",651500
23.35,-0.05,100,"bu","10:06:57",641500
23.35,-0.05,200,"bu","10:06:45",641400
23.35,-0.05,100,"bu","10:06:37",641200
23.35,-0.05,700,"bu","10:06:16",641100
23.35,-0.05,700,"bu","10:06:09",640400
23.35,-0.05,700,"bu","10:05:56",639700
23.35,-0.05,2000,"bu","10:05:51",639000
23.35,-0.05,100,"bu","10:05:48",637000
23.35,-0.05,1000,"bu","10:05:42",636900
23.35,-0.05,2000,"bu","10:05:29",635900
23.35,-0.05,800,"bu","10:05:15",633900
23.35,-0.05,2000,"bu","10:05:00",633100
23.35,-0.05,3000,"bu","10:04:16",631100
23.3,-0.1,600,"sd","10:03:50",628100
23.3,-0.1,2000,"sd","10:03:39",627500
23.3,-0.1,1000,"sd","10:03:05",625500
23.35,-0.05,35400,"sd","10:03:02",624500
23.4,0,200,"bu","10:02:57",589100
23.35,-0.05,3900,"sd","10:02:15",588900
23.35,-0.05,9100,"sd","10:02:14",585000
23.4,0,100,"bu","10:01:57",575900
23.4,0,4500,"bu","10:01:45",575800
23.35,-0.05,2000,"sd","10:01:30",571300
23.35,-0.05,100,"sd","10:01:03",569300
23.4,0,500,"bu","10:00:42",569200
23.35,-0.05,20000,"sd","10:00:30",568700
23.35,-0.05,800,"sd","10:00:03",548700
23.35,-0.05,2800,"sd","09:59:48",547900
23.35,-0.05,200,"sd","09:59:45",545100
23.35,-0.05,2800,"sd","09:59:43",544900
23.35,-0.05,200,"sd","09:59:40",542100
23.35,-0.05,3000,"sd","09:59:29",541900
23.35,-0.05,20000,"sd","09:59:29",538900
23.35,-0.05,100,"sd","09:57:51",518900
23.35,-0.05,500,"sd","09:57:49",518800
23.35,-0.05,2800,"sd","09:57:47",518300
23.35,-0.05,200,"sd","09:57:43",515500
23.35,-0.05,100,"sd","09:57:34",515300
23.35,-0.05,500,"sd","09:57:32",515200
23.35,-0.05,2500,"sd","09:57:29",514700
23.35,-0.05,200,"sd","09:57:25",512200
23.35,-0.05,1000,"sd","09:57:24",512000
23.35,-0.05,100,"sd","09:56:33",511000
23.35,-0.05,500,"sd","09:56:31",510900
23.35,-0.05,2800,"sd","09:56:29",510400
23.35,-0.05,14000,"sd","09:56:28",507600
23.35,-0.05,200,"sd","09:56:03",493600
23.35,-0.05,1000,"sd","09:56:01",493400
23.35,-0.05,200,"sd","09:55:37",492400
23.35,-0.05,1200,"sd","09:55:35",492200
23.35,-0.05,6000,"sd","09:55:34",491000
23.35,-0.05,400,"sd","09:55:33",485000
23.35,-0.05,2000,"sd","09:55:31",484600
23.35,-0.05,100,"sd","09:55:25",482600
23.35,-0.05,500,"sd","09:55:23",482500
23.35,-0.05,2800,"sd","09:55:23",482000
23.35,-0.05,200,"sd","09:55:16",479200
23.35,-0.05,100,"sd","09:55:13",479000
23.35,-0.05,500,"sd","09:55:11",478900
23.35,-0.05,2800,"sd","09:55:09",478400
23.35,-0.05,200,"sd","09:55:07",475600
23.35,-0.05,400,"sd","09:54:57",475400
23.35,-0.05,2000,"sd","09:54:55",475000
23.35,-0.05,400,"sd","09:53:45",473000
23.35,-0.05,200,"sd","09:52:39",472600
23.35,-0.05,1000,"sd","09:52:39",472400
23.35,-0.05,200,"sd","09:52:33",471400
23.35,-0.05,1000,"sd","09:52:32",471200
23.35,-0.05,200,"sd","09:52:27",470200
23.35,-0.05,1000,"sd","09:52:26",470000
23.35,-0.05,100,"sd","09:51:37",469000
23.35,-0.05,500,"sd","09:51:35",468900
23.35,-0.05,2800,"sd","09:51:34",468400
23.35,-0.05,200,"sd","09:51:31",465600
23.35,-0.05,400,"sd","09:50:59",465400
23.35,-0.05,2000,"sd","09:50:57",465000
23.35,-0.05,10000,"sd","09:50:55",463000
23.35,-0.05,400,"sd","09:50:38",453000
23.35,-0.05,400,"sd","09:50:13",452600
23.35,-0.05,2400,"sd","09:50:11",452200
23.35,-0.05,12100,"bu","09:50:10",449800
23.35,-0.05,1000,"bu","09:50:06",437700
23.35,-0.05,7500,"bu","09:49:53",436700
23.35,-0.05,2800,"sd","09:49:24",429200
23.35,-0.05,1000,"sd","09:49:23",426400
23.35,-0.05,400,"sd","09:48:56",425400
23.35,-0.05,2000,"sd","09:48:54",425000
23.35,-0.05,100,"sd","09:48:21",423000
23.35,-0.05,500,"bu","09:48:19",422900
23.4,0,200,"bu","09:48:05",422400
23.35,-0.05,800,"bu","09:48:05",422200
23.35,-0.05,300,"sd","09:48:01",421400
23.35,-0.05,2800,"sd","09:48:00",421100
23.35,-0.05,14100,"bu","09:47:57",415500
23.35,-0.05,100,"bu","09:47:56",401400
23.35,-0.05,500,"bu","09:47:51",401300
23.35,-0.05,500,"bu","09:47:49",400800
23.35,-0.05,500,"bu","09:47:47",400300
23.35,-0.05,1000,"bu","09:47:38",399800
23.35,-0.05,500,"bu","09:47:23",398800
23.35,-0.05,100,"bu","09:47:11",398300
23.35,-0.05,500,"bu","09:46:58",398200
23.35,-0.05,100,"bu","09:46:38",397700
23.35,-0.05,100,"bu","09:46:29",397600
23.35,-0.05,100,"bu","09:46:20",397500
23.35,-0.05,1300,"bu","09:46:03",397400
23.35,-0.05,400,"bu","09:45:55",396100
23.35,-0.05,1000,"bu","09:45:43",395700
23.35,-0.05,1000,"bu","09:45:36",394700
23.35,-0.05,2500,"bu","09:45:20",393700
23.3,-0.1,1000,"sd","09:45:20",391200
23.35,-0.05,500,"bu","09:45:14",390200
23.3,-0.1,400,"sd","09:45:11",389700
23.35,-0.05,1000,"bu","09:45:07",389300
23.35,-0.05,1000,"bu","09:45:01",388300
23.35,-0.05,1100,"bu","09:44:50",387300
23.35,-0.05,5000,"bu","09:44:48",386200
23.35,-0.05,500,"bu","09:44:43",381200
23.35,-0.05,100,"bu","09:44:35",380700
23.35,-0.05,200,"bu","09:44:27",380600
23.35,-0.05,1000,"bu","09:44:15",380400
23.35,-0.05,4500,"bu","09:44:07",379400
23.35,-0.05,1000,"bu","09:44:04",374900
23.35,-0.05,4500,"bu","09:43:56",373900
23.35,-0.05,500,"bu","09:43:43",369400
23.35,-0.05,1000,"bu","09:43:27",368900
23.35,-0.05,1100,"bu","09:43:20",367900
23.35,-0.05,100,"bu","09:43:16",366800
23.35,-0.05,1000,"bu","09:43:10",366700
23.35,-0.05,1500,"bu","09:42:56",365700
23.35,-0.05,2000,"bu","09:42:44",364200
23.35,-0.05,2000,"bu","09:42:43",362200
23.35,-0.05,100,"bu","09:42:36",360200
23.35,-0.05,500,"bu","09:41:59",360100
23.35,-0.05,2500,"bu","09:41:54",359600
23.35,-0.05,3700,"bu","09:41:45",357100
23.35,-0.05,5000,"bu","09:41:23",353400
23.3,-0.1,100,"sd","09:40:33",348400
23.3,-0.1,1300,"sd","09:40:31",348300
23.3,-0.1,2000,"sd","09:40:30",347000
23.3,-0.1,200,"sd","09:40:28",345000
23.35,-0.05,500,"bu","09:40:19",344800
23.35,-0.05,400,"bu","09:40:09",344300
23.3,-0.1,200,"sd","09:39:09",343900
23.35,-0.05,700,"bu","09:38:43",343700
23.35,-0.05,100,"bu","09:38:36",343000
23.35,-0.05,300,"bu","09:38:21",342900
23.35,-0.05,1000,"bu","09:37:34",342600
23.35,-0.05,1100,"sd","09:37:33",341600
23.35,-0.05,9400,"sd","09:37:32",340500
23.35,-0.05,400,"sd","09:37:01",331100
23.35,-0.05,1500,"sd","09:37:00",330700
23.35,-0.05,500,"sd","09:37:00",329200
23.35,-0.05,100,"sd","09:36:27",328700
23.35,-0.05,800,"sd","09:36:25",328600
23.35,-0.05,4100,"sd","09:36:23",327800
23.35,-0.05,20500,"sd","09:36:21",323700
23.35,-0.05,100,"sd","09:36:19",303200
23.35,-0.05,500,"sd","09:36:17",303100
23.35,-0.05,2800,"sd","09:36:15",302600
23.35,-0.05,100,"sd","09:36:15",299800
23.35,-0.05,600,"sd","09:36:13",299700
23.35,-0.05,2000,"sd","09:36:11",299100
23.35,-0.05,10000,"sd","09:36:10",297100
23.35,-0.05,300,"sd","09:36:07",287100
23.35,-0.05,1500,"sd","09:36:06",286800
23.35,-0.05,400,"sd","09:36:03",285300
23.35,-0.05,2000,"sd","09:36:02",284900
23.35,-0.05,100,"sd","09:35:53",282900
23.35,-0.05,500,"sd","09:35:51",282800
23.35,-0.05,2800,"sd","09:35:49",282300
23.35,-0.05,200,"sd","09:35:47",279500
23.35,-0.05,300,"sd","09:35:41",279300
23.35,-0.05,1500,"sd","09:35:39",279000
23.35,-0.05,300,"sd","09:35:05",277500
23.35,-0.05,1500,"sd","09:35:04",277200
23.35,-0.05,200,"sd","09:34:07",275700
23.35,-0.05,1000,"sd","09:34:05",275500
23.35,-0.05,100,"sd","09:33:54",274500
23.35,-0.05,400,"sd","09:33:43",274400
23.35,-0.05,2000,"sd","09:33:41",274000
23.35,-0.05,10000,"sd","09:33:39",272000
23.35,-0.05,100,"sd","09:33:36",262000
23.35,-0.05,100,"sd","09:33:35",261900
23.35,-0.05,300,"sd","09:33:05",261800
23.35,-0.05,1500,"sd","09:33:04",261500
23.35,-0.05,300,"sd","09:32:43",260000
23.35,-0.05,1500,"sd","09:32:43",259700
23.35,-0.05,100,"sd","09:32:38",258200
23.35,-0.05,300,"sd","09:32:27",258100
23.35,-0.05,1500,"sd","09:32:25",257800
23.35,-0.05,100,"sd","09:32:11",256300
23.35,-0.05,500,"sd","09:32:09",256200
23.35,-0.05,2800,"sd","09:32:07",255700
23.35,-0.05,200,"sd","09:32:04",252900
23.35,-0.05,300,"sd","09:32:01",252700
23.35,-0.05,1500,"sd","09:31:59",252400
23.4,0,100,"bu","09:31:41",250900
23.35,-0.05,100,"sd","09:31:33",250800
23.35,-0.05,900,"sd","09:31:31",250700
23.35,-0.05,4700,"sd","09:31:29",249800
23.35,-0.05,300,"sd","09:31:25",245100
23.35,-0.05,1500,"sd","09:31:24",244800
23.4,0,2000,"bu","09:31:10",243300
23.4,0,2200,"bu","09:30:54",241300
23.4,0,500,"bu","09:30:50",239100
23.4,0,5000,"bu","09:30:48",238600
23.4,0,2000,"bu","09:30:34",233600
23.4,0,700,"bu","09:29:16",231600
23.4,0,100,"bu","09:29:15",230900
23.4,0,2800,"bu","09:29:11",230800
23.4,0,200,"bu","09:29:10",228000
23.4,0,200,"bu","09:28:58",227800
23.4,0,500,"bu","09:28:56",227600
23.35,-0.05,100,"sd","09:28:47",227100
23.35,-0.05,100,"sd","09:28:09",227000
23.4,0,300,"bu","09:27:58",226900
23.4,0,1800,"bu","09:27:46",226600
23.4,0,2000,"bu","09:27:42",224800
23.4,0,5000,"bu","09:27:37",222800
23.4,0,100,"bu","09:27:33",217800
23.4,0,500,"bu","09:27:03",217700
23.4,0,10000,"bu","09:26:54",217200
23.4,0,100,"bu","09:26:41",207200
23.4,0,100,"bu","09:26:30",207100
23.4,0,5000,"bu","09:26:18",207000
23.35,-0.05,100,"sd","09:25:09",202000
23.35,-0.05,500,"sd","09:25:07",201900
23.35,-0.05,100,"sd","09:24:25",201400
23.35,-0.05,3300,"sd","09:24:23",201300
23.35,-0.05,200,"sd","09:24:20",198000
23.35,-0.05,200,"sd","09:23:30",197800
23.35,-0.05,200,"sd","09:23:16",197600
23.35,-0.05,100,"sd","09:22:27",197400
23.35,-0.05,700,"bu","09:22:26",197300
23.35,-0.05,100,"bu","09:22:23",196600
23.35,-0.05,200,"bu","09:22:15",196500
23.35,-0.05,4900,"sd","09:22:09",196300
23.35,-0.05,100,"sd","09:22:03",191400
23.35,-0.05,500,"sd","09:22:01",191300
23.35,-0.05,2600,"sd","09:22:01",190800
23.35,-0.05,200,"sd","09:21:51",188200
23.35,-0.05,1000,"sd","09:21:51",188000
23.35,-0.05,100,"sd","09:21:21",187000
23.35,-0.05,700,"sd","09:21:19",186900
23.35,-0.05,3700,"bu","09:21:17",186200
23.35,-0.05,100,"bu","09:21:07",182500
23.35,-0.05,5000,"bu","09:21:06",182400
23.35,-0.05,700,"bu","09:21:05",177400
23.35,-0.05,300,"bu","09:21:03",176700
23.35,-0.05,1000,"bu","09:21:01",176400
23.35,-0.05,1000,"bu","09:20:58",175400
23.35,-0.05,5000,"bu","09:20:58",174400
23.35,-0.05,5000,"bu","09:20:56",169400
23.35,-0.05,500,"bu","09:20:50",164400
23.35,-0.05,100,"bu","09:20:47",163900
23.35,-0.05,400,"bu","09:20:46",163800
23.35,-0.05,200,"bu","09:20:45",163400
23.35,-0.05,5000,"bu","09:20:41",163200
23.35,-0.05,100,"bu","09:20:37",158200
23.35,-0.05,300,"bu","09:20:33",158100
23.3,-0.1,300,"sd","09:20:33",157800
23.3,-0.1,400,"sd","09:20:15",157500
23.3,-0.1,2000,"sd","09:20:13",157100
23.3,-0.1,10000,"sd","09:20:12",155100
23.35,-0.05,100,"bu","09:20:11",145100
23.35,-0.05,200,"bu","09:20:10",145000
23.35,-0.05,1200,"bu","09:20:07",144800
23.35,-0.05,100,"bu","09:19:55",143600
23.35,-0.05,500,"bu","09:19:53",143500
23.35,-0.05,500,"bu","09:19:51",143000
23.3,-0.1,100,"sd","09:19:45",142500
23.3,-0.1,500,"sd","09:19:44",142400
23.3,-0.1,2800,"sd","09:19:42",141900
23.3,-0.1,200,"sd","09:19:39",139100
23.35,-0.05,300,"bu","09:19:39",138900
23.35,-0.05,500,"bu","09:19:36",138600
23.35,-0.05,400,"bu","09:19:30",138100
23.3,-0.1,2000,"sd","09:19:30",137700
23.35,-0.05,2000,"bu","09:19:27",135700
23.35,-0.05,500,"bu","09:19:20",133700
23.35,-0.05,500,"bu","09:19:07",133200
23.3,-0.1,100,"sd","09:19:01",132700
23.3,-0.1,100,"sd","09:18:59",132600
23.35,-0.05,500,"bu","09:18:59",132500
23.3,-0.1,500,"sd","09:18:57",132000
23.3,-0.1,2600,"sd","09:18:55",131500
23.3,-0.1,2800,"sd","09:18:54",128900
23.35,-0.05,10000,"bu","09:18:54",126100
23.3,-0.1,400,"sd","09:18:53",116100
23.3,-0.1,2000,"sd","09:18:51",115700
23.3,-0.1,1800,"sd","09:18:51",113700
23.3,-0.1,8300,"sd","09:18:50",111900
23.3,-0.1,200,"sd","09:18:49",103600
23.3,-0.1,400,"sd","09:18:39",103400
23.3,-0.1,2000,"sd","09:18:37",103000
23.3,-0.1,10000,"sd","09:18:36",101000
23.3,-0.1,100,"sd","09:18:31",91000
23.3,-0.1,500,"sd","09:18:29",90900
23.3,-0.1,2800,"sd","09:18:28",90400
23.3,-0.1,200,"sd","09:18:26",87600
23.35,-0.05,13100,"sd","09:18:18",87400
23.4,0,25400,"sd","09:18:17",74300
23.45,0.05,2000,"sd","09:18:08",48900
23.45,0.05,200,"sd","09:17:39",46900
23.45,0.05,1000,"sd","09:17:37",46700
23.45,0.05,3300,"bu","09:17:36",45700
23.45,0.05,1700,"sd","09:17:35",42400
23.45,0.05,100,"sd","09:17:19",40700
23.45,0.05,500,"sd","09:17:17",40600
23.45,0.05,2800,"sd","09:17:15",40100
23.45,0.05,200,"sd","09:17:13",37300
23.45,0.05,200,"sd","09:17:12",37100
23.45,0.05,800,"sd","09:17:11",36900
23.45,0.05,4000,"sd","09:17:10",36100
23.45,0.05,100,"sd","09:16:19",32100
23.5,0.1,2000,"bu","09:16:08",32000
23.5,0.1,1700,"bu","09:15:57",30000
23.5,0.1,1000,"bu","09:15:54",28300
23.5,0.1,4800,"sd","09:15:51",27300
23.5,0.1,200,"sd","09:15:49",22500
23.5,0.1,1000,"sd","09:15:48",22300
23.5,0.1,100,"sd","09:15:25",21300
23.55,0.15,100,"bu","09:15:14",21200
23.55,0.15,21100,"","09:15:02",21100
