"id","symbol","truncTime","matchType","matchVol","matchPrice","accumulatedVolume","createdAt","updatedAt"
165686056,"BVB","1705046387","b","600","11200","961600","2024-01-12T07:59:48.008Z","2024-01-12T07:59:48.008Z"
165685995,"BVB","1705046362","b","500","11200","961000","2024-01-12T07:59:24.003Z","2024-01-12T07:59:24.003Z"
165685912,"BVB","1705046298","s","4600","11100","960500","2024-01-12T07:58:20.003Z","2024-01-12T07:58:20.003Z"
165685797,"BVB","1705046147","s","2000","11100","955900","2024-01-12T07:55:48.997Z","2024-01-12T07:55:48.997Z"
165685576,"BVB","1705045896","b","400","11200","953900","2024-01-12T07:51:36.990Z","2024-01-12T07:51:36.990Z"
165685508,"BVB","1705045832","s","300","11100","953500","2024-01-12T07:50:33.989Z","2024-01-12T07:50:33.989Z"
165685490,"BVB","1705045812","b","100","11200","953200","2024-01-12T07:50:13.988Z","2024-01-12T07:50:13.988Z"
165685339,"BVB","1705045638","b","400","11200","953100","2024-01-12T07:47:19.985Z","2024-01-12T07:47:19.985Z"
165684663,"BVB","1705045462","s","200","11100","952700","2024-01-12T07:44:23.983Z","2024-01-12T07:44:23.983Z"
165684521,"BVB","1705045301","s","5000","11100","952500","2024-01-12T07:41:41.978Z","2024-01-12T07:41:41.978Z"
165684489,"BVB","1705045248","b","5000","11200","947500","2024-01-12T07:40:48.975Z","2024-01-12T07:40:48.975Z"
165684456,"BVB","1705045193","b","300","11200","942500","2024-01-12T07:39:53.973Z","2024-01-12T07:39:53.973Z"
165684394,"BVB","1705045109","s","300","11100","942200","2024-01-12T07:38:31.972Z","2024-01-12T07:38:31.972Z"
165684175,"BVB","1705044742","b","2000","11200","941900","2024-01-12T07:32:24.977Z","2024-01-12T07:32:24.977Z"
165684168,"BVB","1705044737","b","2300","11200","939900","2024-01-12T07:32:18.968Z","2024-01-12T07:32:18.968Z"
165677726,"BVB","1705044493","b","3000","11200","937600","2024-01-12T07:28:14.986Z","2024-01-12T07:28:14.986Z"
165674490,"BVB","1705044422","b","3000","11200","934600","2024-01-12T07:27:03.984Z","2024-01-12T07:27:03.984Z"
165669197,"BVB","1705044320","b","5000","11200","931600","2024-01-12T07:25:21.982Z","2024-01-12T07:25:21.982Z"
165658499,"BVB","1705044115","b","100","11200","926600","2024-01-12T07:21:56.989Z","2024-01-12T07:21:56.989Z"
165653935,"BVB","1705044061","b","10000","11200","926500","2024-01-12T07:21:02.986Z","2024-01-12T07:21:02.986Z"
165650607,"BVB","1705044022","b","1000","11100","916500","2024-01-12T07:20:23.999Z","2024-01-12T07:20:23.999Z"
165644471,"BVB","1705043967","b","2000","11100","915500","2024-01-12T07:19:28.009Z","2024-01-12T07:19:28.009Z"
165641528,"BVB","1705043945","b","100","11100","913500","2024-01-12T07:19:07.015Z","2024-01-12T07:19:07.015Z"
165637603,"BVB","1705043916","b","200","11100","913400","2024-01-12T07:18:38.066Z","2024-01-12T07:18:38.066Z"
165630072,"BVB","1705043872","b","300","11100","913200","2024-01-12T07:17:54.039Z","2024-01-12T07:17:54.039Z"
165624181,"BVB","1705043843","s","700","11100","912900","2024-01-12T07:17:23.985Z","2024-01-12T07:17:23.985Z"
165620291,"BVB","1705043824","s","500","11100","912200","2024-01-12T07:17:06.050Z","2024-01-12T07:17:06.050Z"
165616024,"BVB","1705043799","s","200","11100","911700","2024-01-12T07:16:41.114Z","2024-01-12T07:16:41.114Z"
165612288,"BVB","1705043776","b","500","11200","911500","2024-01-12T07:16:16.999Z","2024-01-12T07:16:16.999Z"
165611253,"BVB","1705043769","s","5000","11100","911000","2024-01-12T07:16:11.004Z","2024-01-12T07:16:11.004Z"
165607454,"BVB","1705043740","s","500","11100","906000","2024-01-12T07:15:41.999Z","2024-01-12T07:15:41.999Z"
165606826,"BVB","1705043735","s","1000","11100","905500","2024-01-12T07:15:36.026Z","2024-01-12T07:15:36.026Z"
165604171,"BVB","1705043714","s","20000","11100","904500","2024-01-12T07:15:15.990Z","2024-01-12T07:15:15.990Z"
165565373,"BVB","1705042984","b","2000","11200","884500","2024-01-12T07:03:05.969Z","2024-01-12T07:03:05.969Z"
165562646,"BVB","1705042915","s","200","11100","882500","2024-01-12T07:01:56.963Z","2024-01-12T07:01:56.963Z"
165558163,"BVB","1705042793","s","14300","11100","882300","2024-01-12T06:59:54.956Z","2024-01-12T06:59:54.956Z"
165555655,"BVB","1705042701","b","200","11200","868000","2024-01-12T06:58:22.962Z","2024-01-12T06:58:22.962Z"
165555191,"BVB","1705042688","b","100","11200","867800","2024-01-12T06:58:09.955Z","2024-01-12T06:58:09.955Z"
165551541,"BVB","1705042574","b","1000","11200","867700","2024-01-12T06:56:15.954Z","2024-01-12T06:56:15.954Z"
165550076,"BVB","1705042539","b","1200","11200","866700","2024-01-12T06:55:41.014Z","2024-01-12T06:55:41.014Z"
165546675,"BVB","1705042467","s","8900","11200","865500","2024-01-12T06:54:28.964Z","2024-01-12T06:54:28.964Z"
165545709,"BVB","1705042445","b","500","11200","856600","2024-01-12T06:54:06.962Z","2024-01-12T06:54:06.962Z"
165543648,"BVB","1705042384","s","2600","11200","856100","2024-01-12T06:53:06.957Z","2024-01-12T06:53:06.957Z"
165543557,"BVB","1705042383","s","2000","11200","853500","2024-01-12T06:53:05.976Z","2024-01-12T06:53:05.976Z"
165543024,"BVB","1705042374","s","2000","11200","851500","2024-01-12T06:52:55.966Z","2024-01-12T06:52:55.966Z"
165542506,"BVB","1705042358","s","10000","11200","849500","2024-01-12T06:52:39.945Z","2024-01-12T06:52:39.945Z"
165540007,"BVB","1705042290","b","600","11300","839500","2024-01-12T06:51:31.972Z","2024-01-12T06:51:31.972Z"
165539784,"BVB","1705042283","s","300","11200","838900","2024-01-12T06:51:24.951Z","2024-01-12T06:51:24.951Z"
165539527,"BVB","1705042277","b","4000","11200","838600","2024-01-12T06:51:18.955Z","2024-01-12T06:51:18.955Z"
165538459,"BVB","1705042254","b","10000","11200","834600","2024-01-12T06:50:55.954Z","2024-01-12T06:50:55.954Z"
165537606,"BVB","1705042231","b","300","11200","824600","2024-01-12T06:50:32.953Z","2024-01-12T06:50:32.953Z"
165531311,"BVB","1705042080","s","6000","11100","824300","2024-01-12T06:48:01.968Z","2024-01-12T06:48:01.968Z"
165529798,"BVB","1705042041","s","500","11100","818300","2024-01-12T06:47:22.958Z","2024-01-12T06:47:22.958Z"
165527334,"BVB","1705041974","s","500","11100","817800","2024-01-12T06:46:15.970Z","2024-01-12T06:46:15.970Z"
165526349,"BVB","1705041952","s","300","11100","817300","2024-01-12T06:45:52.954Z","2024-01-12T06:45:52.954Z"
165513008,"BVB","1705041677","b","200","11200","817000","2024-01-12T06:41:18.969Z","2024-01-12T06:41:18.969Z"
165512479,"BVB","1705041664","b","800","11200","816800","2024-01-12T06:41:05.963Z","2024-01-12T06:41:05.963Z"
165510282,"BVB","1705041596","b","5000","11200","816000","2024-01-12T06:39:56.966Z","2024-01-12T06:39:56.966Z"
165507340,"BVB","1705041501","b","500","11200","811000","2024-01-12T06:38:22.937Z","2024-01-12T06:38:22.937Z"
165506660,"BVB","1705041484","b","200","11200","810500","2024-01-12T06:38:04.943Z","2024-01-12T06:38:04.943Z"
165504013,"BVB","1705041414","b","5000","11200","810300","2024-01-12T06:36:55.944Z","2024-01-12T06:36:55.944Z"
165503111,"BVB","1705041393","b","10000","11200","805300","2024-01-12T06:36:34.939Z","2024-01-12T06:36:34.939Z"
165499022,"BVB","1705041315","b","100","11200","795300","2024-01-12T06:35:15.940Z","2024-01-12T06:35:15.940Z"
165495289,"BVB","1705041215","b","4400","11200","795200","2024-01-12T06:33:36.952Z","2024-01-12T06:33:36.952Z"
165492354,"BVB","1705041141","s","500","11200","790800","2024-01-12T06:32:21.929Z","2024-01-12T06:32:21.929Z"
165488142,"BVB","1705041030","b","300","11300","790300","2024-01-12T06:30:30.934Z","2024-01-12T06:30:30.934Z"
165487977,"BVB","1705041025","s","500","11200","790000","2024-01-12T06:30:25.951Z","2024-01-12T06:30:25.951Z"
165487282,"BVB","1705041005","b","300","11300","789500","2024-01-12T06:30:06.920Z","2024-01-12T06:30:06.920Z"
165485189,"BVB","1705040948","s","3000","11200","789200","2024-01-12T06:29:09.929Z","2024-01-12T06:29:09.929Z"
165461757,"BVB","1705040333","b","100","11300","786200","2024-01-12T06:18:53.917Z","2024-01-12T06:18:53.917Z"
165460595,"BVB","1705040283","b","300","11300","786100","2024-01-12T06:18:04.919Z","2024-01-12T06:18:04.919Z"
165459778,"BVB","1705040252","s","10000","11200","785800","2024-01-12T06:17:32.936Z","2024-01-12T06:17:32.936Z"
165456873,"BVB","1705040129","b","300","11300","775800","2024-01-12T06:15:30.916Z","2024-01-12T06:15:30.916Z"
165456784,"BVB","1705040123","b","600","11200","775500","2024-01-12T06:15:25.921Z","2024-01-12T06:15:25.921Z"
165454719,"BVB","1705040043","b","400","11200","774900","2024-01-12T06:14:04.922Z","2024-01-12T06:14:04.922Z"
165452217,"BVB","1705039956","b","3000","11300","774500","2024-01-12T06:12:37.925Z","2024-01-12T06:12:37.925Z"
165451694,"BVB","1705039940","b","10000","11200","771500","2024-01-12T06:12:21.954Z","2024-01-12T06:12:21.954Z"
165450394,"BVB","1705039898","unknown","1200","11100","761500","2024-01-12T06:11:40.957Z","2024-01-12T06:11:40.957Z"
165449051,"BVB","1705039852","s","2000","11100","760300","2024-01-12T06:10:53.912Z","2024-01-12T06:10:53.912Z"
165446787,"BVB","1705039790","b","100","11100","758300","2024-01-12T06:09:51.972Z","2024-01-12T06:09:51.972Z"
165446736,"BVB","1705039788","b","100","11100","758200","2024-01-12T06:09:49.912Z","2024-01-12T06:09:49.912Z"
165446318,"BVB","1705039775","s","100000","11000","758100","2024-01-12T06:09:36.915Z","2024-01-12T06:09:36.915Z"
165445518,"BVB","1705039754","s","1000","11200","658100","2024-01-12T06:09:15.934Z","2024-01-12T06:09:15.934Z"
165444453,"BVB","1705039728","b","1000","11200","657100","2024-01-12T06:08:49.911Z","2024-01-12T06:08:49.911Z"
165444407,"BVB","1705039726","b","1500","11200","656100","2024-01-12T06:08:47.916Z","2024-01-12T06:08:47.916Z"
165443082,"BVB","1705039688","b","500","11200","654600","2024-01-12T06:08:09.914Z","2024-01-12T06:08:09.914Z"
165442646,"BVB","1705039673","s","5000","11200","654100","2024-01-12T06:07:54.926Z","2024-01-12T06:07:54.926Z"
165442562,"BVB","1705039669","s","45000","11200","649100","2024-01-12T06:07:49.941Z","2024-01-12T06:07:49.941Z"
165426715,"BVB","1705039216","s","4000","11200","604100","2024-01-12T06:00:17.956Z","2024-01-12T06:00:17.956Z"
165426220,"BVB","1705039212","b","9000","11300","600100","2024-01-12T06:00:13.972Z","2024-01-12T06:00:13.972Z"
165425783,"BVB","1705039209","s","100","11200","591100","2024-01-12T06:00:10.966Z","2024-01-12T06:00:10.966Z"
165419666,"BVB","1705033605","s","600","11200","591000","2024-01-12T04:26:46.846Z","2024-01-12T04:26:46.846Z"
165408902,"BVB","1705032865","b","5000","11300","590400","2024-01-12T04:14:26.833Z","2024-01-12T04:14:26.833Z"
165406793,"BVB","1705032720","b","3000","11300","585400","2024-01-12T04:12:01.863Z","2024-01-12T04:12:01.863Z"
165406318,"BVB","1705032681","b","2000","11300","582400","2024-01-12T04:11:22.837Z","2024-01-12T04:11:22.837Z"
165405645,"BVB","1705032639","b","2000","11300","580400","2024-01-12T04:10:39.832Z","2024-01-12T04:10:39.832Z"
165396369,"BVB","1705032151","b","100","11300","578400","2024-01-12T04:02:32.822Z","2024-01-12T04:02:32.822Z"
165393793,"BVB","1705032035","b","700","11300","578300","2024-01-12T04:00:36.829Z","2024-01-12T04:00:36.829Z"
165392186,"BVB","1705031978","b","12200","11300","577600","2024-01-12T03:59:39.822Z","2024-01-12T03:59:39.822Z"
165384532,"BVB","1705031749","b","800","11400","565400","2024-01-12T03:55:50.814Z","2024-01-12T03:55:50.814Z"
