"id","symbol","truncTime","matchType","matchVol","matchPrice","accumulatedVolume","createdAt","updatedAt"
165684726,"BWE","1705045486","unknown","7800","41300","162900","2024-01-12T07:45:02.044Z","2024-01-12T07:45:02.044Z"
165682520,"BWE","1705044565","b","100","41400","155000","2024-01-12T07:29:40.986Z","2024-01-12T07:29:40.986Z"
165681910,"BWE","1705044556","s","100","41300","154800","2024-01-12T07:29:31.990Z","2024-01-12T07:29:31.990Z"
165681909,"BWE","1705044556","s","100","41300","154800","2024-01-12T07:29:31.990Z","2024-01-12T07:29:31.990Z"
165679777,"BWE","1705044517","s","100","41300","154800","2024-01-12T07:28:52.986Z","2024-01-12T07:28:52.986Z"
165677725,"BWE","1705044479","s","100","41300","154700","2024-01-12T07:28:14.986Z","2024-01-12T07:28:14.986Z"
165675844,"BWE","1705044440","s","100","41250","154500","2024-01-12T07:27:35.993Z","2024-01-12T07:27:35.993Z"
165675212,"BWE","1705044425","s","100","41300","154500","2024-01-12T07:27:20.980Z","2024-01-12T07:27:20.980Z"
165674812,"BWE","1705044415","s","500","41300","153900","2024-01-12T07:27:11.010Z","2024-01-12T07:27:11.010Z"
165674142,"BWE","1705044402","s","100","41300","153800","2024-01-12T07:26:58.000Z","2024-01-12T07:26:58.000Z"
165672839,"BWE","1705044378","b","100","41300","153800","2024-01-12T07:26:33.983Z","2024-01-12T07:26:33.983Z"
165672070,"BWE","1705044363","s","300","41300","153200","2024-01-12T07:26:18.980Z","2024-01-12T07:26:18.980Z"
165672069,"BWE","1705044363","s","100","41300","153200","2024-01-12T07:26:18.980Z","2024-01-12T07:26:18.980Z"
165672068,"BWE","1705044363","s","100","41350","153200","2024-01-12T07:26:18.980Z","2024-01-12T07:26:18.980Z"
165671978,"BWE","1705044361","b","100","41350","153100","2024-01-12T07:26:15.969Z","2024-01-12T07:26:15.969Z"
165670035,"BWE","1705044324","s","100","41250","153000","2024-01-12T07:25:39.007Z","2024-01-12T07:25:39.007Z"
165668258,"BWE","1705044286","s","100","41250","153000","2024-01-12T07:25:01.970Z","2024-01-12T07:25:01.970Z"
165667810,"BWE","1705044276","s","100","41250","152900","2024-01-12T07:24:51.998Z","2024-01-12T07:24:51.998Z"
165667809,"BWE","1705044276","s","400","41350","152900","2024-01-12T07:24:51.998Z","2024-01-12T07:24:51.998Z"
165667181,"BWE","1705044264","b","400","41350","152400","2024-01-12T07:24:39.004Z","2024-01-12T07:24:39.004Z"
165667180,"BWE","1705044264","b","200","41300","152400","2024-01-12T07:24:39.004Z","2024-01-12T07:24:39.004Z"
165666908,"BWE","1705044258","s","100","41250","151700","2024-01-12T07:24:33.985Z","2024-01-12T07:24:33.985Z"
165666396,"BWE","1705044247","s","100","41250","151600","2024-01-12T07:24:22.970Z","2024-01-12T07:24:22.970Z"
165666383,"BWE","1705044246","b","100","41300","151600","2024-01-12T07:24:21.975Z","2024-01-12T07:24:21.975Z"
165664635,"BWE","1705044208","s","100","41250","151400","2024-01-12T07:23:43.979Z","2024-01-12T07:23:43.979Z"
165662701,"BWE","1705044171","s","100","41250","151300","2024-01-12T07:23:06.991Z","2024-01-12T07:23:06.991Z"
165661875,"BWE","1705044156","s","100","41250","151200","2024-01-12T07:22:52.001Z","2024-01-12T07:22:52.001Z"
165660774,"BWE","1705044137","s","100","41250","151200","2024-01-12T07:22:34.002Z","2024-01-12T07:22:34.002Z"
165660432,"BWE","1705044132","s","100","41250","151100","2024-01-12T07:22:29.008Z","2024-01-12T07:22:29.008Z"
165660148,"BWE","1705044127","b","100","41300","151000","2024-01-12T07:22:21.996Z","2024-01-12T07:22:21.996Z"
165658310,"BWE","1705044099","b","500","41300","150900","2024-01-12T07:21:54.970Z","2024-01-12T07:21:54.970Z"
165658309,"BWE","1705044099","b","500","41300","150900","2024-01-12T07:21:54.970Z","2024-01-12T07:21:54.970Z"
165657941,"BWE","1705044093","s","100","41250","149800","2024-01-12T07:21:50.011Z","2024-01-12T07:21:50.011Z"
165654521,"BWE","1705044055","s","100","41250","149800","2024-01-12T07:21:11.010Z","2024-01-12T07:21:11.010Z"
165654431,"BWE","1705044053","s","200","41300","148800","2024-01-12T07:21:08.987Z","2024-01-12T07:21:08.987Z"
165654430,"BWE","1705044053","s","200","41300","148800","2024-01-12T07:21:08.987Z","2024-01-12T07:21:08.987Z"
165654429,"BWE","1705044053","s","100","41300","148800","2024-01-12T07:21:08.987Z","2024-01-12T07:21:08.987Z"
165654428,"BWE","1705044053","s","400","41300","148800","2024-01-12T07:21:08.987Z","2024-01-12T07:21:08.987Z"
165651240,"BWE","1705044016","s","100","41300","148800","2024-01-12T07:20:31.975Z","2024-01-12T07:20:31.975Z"
165651154,"BWE","1705044014","b","100","41350","148700","2024-01-12T07:20:30.987Z","2024-01-12T07:20:30.987Z"
165647637,"BWE","1705043977","s","100","41300","148600","2024-01-12T07:19:52.995Z","2024-01-12T07:19:52.995Z"
165646259,"BWE","1705043967","b","300","41350","148500","2024-01-12T07:19:43.082Z","2024-01-12T07:19:43.082Z"
165644979,"BWE","1705043956","s","200","41300","148000","2024-01-12T07:19:33.024Z","2024-01-12T07:19:33.024Z"
165642466,"BWE","1705043939","s","300","41300","147700","2024-01-12T07:19:16.064Z","2024-01-12T07:19:16.064Z"
165642382,"BWE","1705043938","s","100","41300","147600","2024-01-12T07:19:14.995Z","2024-01-12T07:19:14.995Z"
165642337,"BWE","1705043938","s","4500","41300","147600","2024-01-12T07:19:13.973Z","2024-01-12T07:19:13.973Z"
165640938,"BWE","1705043927","s","100","41300","143100","2024-01-12T07:19:01.989Z","2024-01-12T07:19:01.989Z"
165638560,"BWE","1705043909","s","300","41300","143000","2024-01-12T07:18:44.997Z","2024-01-12T07:18:44.997Z"
165637606,"BWE","1705043902","s","100","41300","142600","2024-01-12T07:18:38.066Z","2024-01-12T07:18:38.066Z"
165635672,"BWE","1705043889","b","100","41350","142600","2024-01-12T07:18:25.021Z","2024-01-12T07:18:25.021Z"
165633914,"BWE","1705043880","s","500","41300","142500","2024-01-12T07:18:15.990Z","2024-01-12T07:18:15.990Z"
165632187,"BWE","1705043870","s","300","41300","141700","2024-01-12T07:18:06.000Z","2024-01-12T07:18:06.000Z"
165632074,"BWE","1705043870","s","300","41300","141700","2024-01-12T07:18:06.000Z","2024-01-12T07:18:06.000Z"
165630989,"BWE","1705043864","s","100","41300","141300","2024-01-12T07:18:00.021Z","2024-01-12T07:18:00.021Z"
165630518,"BWE","1705043860","s","300","41300","141300","2024-01-12T07:17:56.021Z","2024-01-12T07:17:56.021Z"
165628683,"BWE","1705043852","s","100","41300","141000","2024-01-12T07:17:48.058Z","2024-01-12T07:17:48.058Z"
165626660,"BWE","1705043840","s","300","41300","140600","2024-01-12T07:17:36.038Z","2024-01-12T07:17:36.038Z"
165622789,"BWE","1705043822","s","100","41300","140600","2024-01-12T07:17:18.078Z","2024-01-12T07:17:18.078Z"
165617336,"BWE","1705043792","s","300","41300","140200","2024-01-12T07:16:48.060Z","2024-01-12T07:16:48.060Z"
165616735,"BWE","1705043788","s","100","41300","140200","2024-01-12T07:16:44.035Z","2024-01-12T07:16:44.035Z"
165612987,"BWE","1705043767","s","500","41300","139600","2024-01-12T07:16:23.031Z","2024-01-12T07:16:23.031Z"
165611544,"BWE","1705043756","s","600","41300","139000","2024-01-12T07:16:12.022Z","2024-01-12T07:16:12.022Z"
165609975,"BWE","1705043745","s","100","41300","139000","2024-01-12T07:16:01.997Z","2024-01-12T07:16:01.997Z"
165608192,"BWE","1705043732","s","200","41300","138900","2024-01-12T07:15:47.968Z","2024-01-12T07:15:47.968Z"
165608191,"BWE","1705043732","s","100","41300","138900","2024-01-12T07:15:47.968Z","2024-01-12T07:15:47.968Z"
165607556,"BWE","1705043727","s","100","41300","138600","2024-01-12T07:15:43.001Z","2024-01-12T07:15:43.001Z"
165607555,"BWE","1705043727","s","100","41300","138600","2024-01-12T07:15:43.001Z","2024-01-12T07:15:43.001Z"
165607554,"BWE","1705043727","s","100","41300","138600","2024-01-12T07:15:43.001Z","2024-01-12T07:15:43.001Z"
165606748,"BWE","1705043720","s","100","41300","138000","2024-01-12T07:15:36.026Z","2024-01-12T07:15:36.026Z"
165606747,"BWE","1705043720","s","100","41300","138000","2024-01-12T07:15:36.026Z","2024-01-12T07:15:36.026Z"
165606746,"BWE","1705043720","s","100","41300","138000","2024-01-12T07:15:36.026Z","2024-01-12T07:15:36.026Z"
165605093,"BWE","1705043706","s","100","41300","138000","2024-01-12T07:15:21.982Z","2024-01-12T07:15:21.982Z"
165605006,"BWE","1705043705","s","200","41300","137900","2024-01-12T07:15:21.011Z","2024-01-12T07:15:21.011Z"
165601497,"BWE","1705043668","s","100","41300","137700","2024-01-12T07:14:43.968Z","2024-01-12T07:14:43.968Z"
165600805,"BWE","1705043658","b","100","41350","137500","2024-01-12T07:14:32.998Z","2024-01-12T07:14:32.998Z"
165600031,"BWE","1705043651","s","100","41350","137500","2024-01-12T07:14:26.981Z","2024-01-12T07:14:26.981Z"
165600030,"BWE","1705043651","s","100","41350","137500","2024-01-12T07:14:26.981Z","2024-01-12T07:14:26.981Z"
165598020,"BWE","1705043629","s","100","41350","137200","2024-01-12T07:14:04.986Z","2024-01-12T07:14:04.986Z"
165596957,"BWE","1705043617","s","200","41350","137000","2024-01-12T07:13:51.965Z","2024-01-12T07:13:51.965Z"
165595541,"BWE","1705043595","s","600","41350","136400","2024-01-12T07:13:31.006Z","2024-01-12T07:13:31.006Z"
165595007,"BWE","1705043591","s","100","41350","136400","2024-01-12T07:13:26.975Z","2024-01-12T07:13:26.975Z"
165592970,"BWE","1705043561","b","100","41400","136300","2024-01-12T07:12:57.983Z","2024-01-12T07:12:57.983Z"
165592948,"BWE","1705043561","s","200","41350","136000","2024-01-12T07:12:56.972Z","2024-01-12T07:12:56.972Z"
165592378,"BWE","1705043552","s","100","41350","136000","2024-01-12T07:12:47.983Z","2024-01-12T07:12:47.983Z"
165591256,"BWE","1705043539","s","500","41350","135400","2024-01-12T07:12:35.034Z","2024-01-12T07:12:35.034Z"
165589989,"BWE","1705043519","b","100","41350","135300","2024-01-12T07:12:14.966Z","2024-01-12T07:12:14.966Z"
165589972,"BWE","1705043519","s","300","41300","135000","2024-01-12T07:12:13.973Z","2024-01-12T07:12:13.973Z"
165589664,"BWE","1705043513","s","100","41300","134900","2024-01-12T07:12:08.985Z","2024-01-12T07:12:08.985Z"
165588955,"BWE","1705043504","s","300","41300","134900","2024-01-12T07:12:00.007Z","2024-01-12T07:12:00.007Z"
165588132,"BWE","1705043487","s","500","41300","134600","2024-01-12T07:11:42.992Z","2024-01-12T07:11:42.992Z"
165587584,"BWE","1705043475","s","100","41300","134100","2024-01-12T07:11:29.975Z","2024-01-12T07:11:29.975Z"
165585858,"BWE","1705043442","s","300","41300","134000","2024-01-12T07:10:58.994Z","2024-01-12T07:10:58.994Z"
165585555,"BWE","1705043436","s","100","41300","133700","2024-01-12T07:10:51.980Z","2024-01-12T07:10:51.980Z"
165583971,"BWE","1705043406","s","200","41300","133600","2024-01-12T07:10:21.975Z","2024-01-12T07:10:21.975Z"
165583933,"BWE","1705043406","s","500","41300","132900","2024-01-12T07:10:21.975Z","2024-01-12T07:10:21.975Z"
165583472,"BWE","1705043397","s","100","41300","132900","2024-01-12T07:10:12.967Z","2024-01-12T07:10:12.967Z"
165582863,"BWE","1705043386","s","100","41350","132600","2024-01-12T07:10:01.986Z","2024-01-12T07:10:01.986Z"
165582862,"BWE","1705043386","s","100","41350","132600","2024-01-12T07:10:01.986Z","2024-01-12T07:10:01.986Z"
165581650,"BWE","1705043359","s","100","41300","132600","2024-01-12T07:09:34.960Z","2024-01-12T07:09:34.960Z"
165579976,"BWE","1705043320","s","100","41300","132500","2024-01-12T07:08:55.966Z","2024-01-12T07:08:55.966Z"
