"id","symbol","truncTime","matchType","matchVol","matchPrice","accumulatedVolume","createdAt","updatedAt"
165684993,"FCN","1705045489","unknown","178500","14100","3690800","2024-01-12T07:45:05.048Z","2024-01-12T07:45:05.048Z"
165682994,"FCN","1705044573","s","1800","14350","3689000","2024-01-12T07:29:48.979Z","2024-01-12T07:29:48.979Z"
165682949,"FCN","1705044572","s","500","14350","3688500","2024-01-12T07:29:46.986Z","2024-01-12T07:29:46.986Z"
165682777,"FCN","1705044569","b","700","14350","3688500","2024-01-12T07:29:44.985Z","2024-01-12T07:29:44.985Z"
165682776,"FCN","1705044569","b","500","14350","3688500","2024-01-12T07:29:44.985Z","2024-01-12T07:29:44.985Z"
165682775,"FCN","1705044569","b","5600","14350","3688500","2024-01-12T07:29:44.985Z","2024-01-12T07:29:44.985Z"
165682774,"FCN","1705044569","b","200","14350","3688500","2024-01-12T07:29:44.985Z","2024-01-12T07:29:44.985Z"
165682773,"FCN","1705044569","b","300","14350","3688500","2024-01-12T07:29:44.985Z","2024-01-12T07:29:44.985Z"
165682772,"FCN","1705044569","b","400","14350","3688500","2024-01-12T07:29:44.985Z","2024-01-12T07:29:44.985Z"
165682771,"FCN","1705044569","b","5000","14350","3688500","2024-01-12T07:29:44.985Z","2024-01-12T07:29:44.985Z"
165682770,"FCN","1705044569","b","100","14350","3688500","2024-01-12T07:29:44.985Z","2024-01-12T07:29:44.985Z"
165682352,"FCN","1705044563","s","700","14300","3675700","2024-01-12T07:29:39.025Z","2024-01-12T07:29:39.025Z"
165682054,"FCN","1705044558","s","300","14300","3675000","2024-01-12T07:29:34.015Z","2024-01-12T07:29:34.015Z"
165681238,"FCN","1705044546","b","100","14350","3674600","2024-01-12T07:29:21.984Z","2024-01-12T07:29:21.984Z"
165681069,"FCN","1705044543","b","700","14350","3673900","2024-01-12T07:29:19.000Z","2024-01-12T07:29:19.000Z"
165680142,"FCN","1705044526","b","100","14350","3673800","2024-01-12T07:29:00.988Z","2024-01-12T07:29:00.988Z"
165679562,"FCN","1705044511","b","400","14350","3673400","2024-01-12T07:28:46.982Z","2024-01-12T07:28:46.982Z"
165679333,"FCN","1705044507","s","1000","14300","3673400","2024-01-12T07:28:42.988Z","2024-01-12T07:28:42.988Z"
165678620,"FCN","1705044497","s","5000","14300","3667400","2024-01-12T07:28:33.034Z","2024-01-12T07:28:33.034Z"
165678386,"FCN","1705044493","s","200","14300","3667200","2024-01-12T07:28:29.985Z","2024-01-12T07:28:29.985Z"
165678366,"FCN","1705044493","s","1000","14300","3666200","2024-01-12T07:28:28.994Z","2024-01-12T07:28:28.994Z"
165677424,"FCN","1705044473","b","100","14300","3666200","2024-01-12T07:28:09.002Z","2024-01-12T07:28:09.002Z"
165677273,"FCN","1705044471","b","100","14300","3666000","2024-01-12T07:28:06.984Z","2024-01-12T07:28:06.984Z"
165677163,"FCN","1705044468","s","100","14300","3666000","2024-01-12T07:28:03.993Z","2024-01-12T07:28:03.993Z"
165677162,"FCN","1705044468","s","100","14300","3666000","2024-01-12T07:28:03.993Z","2024-01-12T07:28:03.993Z"
165677161,"FCN","1705044468","s","100","14300","3666000","2024-01-12T07:28:03.993Z","2024-01-12T07:28:03.993Z"
165676274,"FCN","1705044448","b","1000","14300","3665700","2024-01-12T07:27:44.983Z","2024-01-12T07:27:44.983Z"
165676195,"FCN","1705044447","b","300","14300","3664700","2024-01-12T07:27:42.979Z","2024-01-12T07:27:42.979Z"
165675933,"FCN","1705044442","b","700","14300","3664400","2024-01-12T07:27:37.978Z","2024-01-12T07:27:37.978Z"
165675932,"FCN","1705044442","b","4300","14300","3664400","2024-01-12T07:27:37.978Z","2024-01-12T07:27:37.978Z"
165675862,"FCN","1705044441","b","100","14300","3659300","2024-01-12T07:27:36.984Z","2024-01-12T07:27:36.984Z"
165674986,"FCN","1705044420","s","1000","14300","3657200","2024-01-12T07:27:14.999Z","2024-01-12T07:27:14.999Z"
165674985,"FCN","1705044420","s","100","14300","3657200","2024-01-12T07:27:14.999Z","2024-01-12T07:27:14.999Z"
165674984,"FCN","1705044420","s","300","14300","3657200","2024-01-12T07:27:14.999Z","2024-01-12T07:27:14.999Z"
165674983,"FCN","1705044420","s","400","14300","3657200","2024-01-12T07:27:14.999Z","2024-01-12T07:27:14.999Z"
165674982,"FCN","1705044420","s","300","14300","3657200","2024-01-12T07:27:14.999Z","2024-01-12T07:27:14.999Z"
165674733,"FCN","1705044414","s","700","14300","3657200","2024-01-12T07:27:09.983Z","2024-01-12T07:27:09.983Z"
165674732,"FCN","1705044414","s","300","14300","3657200","2024-01-12T07:27:09.983Z","2024-01-12T07:27:09.983Z"
165673492,"FCN","1705044390","b","100","14300","3656200","2024-01-12T07:26:45.999Z","2024-01-12T07:26:45.999Z"
165673116,"FCN","1705044383","b","100","14300","3656100","2024-01-12T07:26:39.998Z","2024-01-12T07:26:39.998Z"
165672968,"FCN","1705044380","b","300","14350","3655000","2024-01-12T07:26:35.985Z","2024-01-12T07:26:35.985Z"
165672967,"FCN","1705044380","b","100","14350","3655000","2024-01-12T07:26:35.985Z","2024-01-12T07:26:35.985Z"
165672966,"FCN","1705044380","b","300","14350","3655000","2024-01-12T07:26:35.985Z","2024-01-12T07:26:35.985Z"
165672965,"FCN","1705044380","b","300","14300","3655000","2024-01-12T07:26:35.985Z","2024-01-12T07:26:35.985Z"
165672121,"FCN","1705044364","s","200","14300","3655000","2024-01-12T07:26:19.982Z","2024-01-12T07:26:19.982Z"
165672120,"FCN","1705044364","s","100","14300","3655000","2024-01-12T07:26:19.982Z","2024-01-12T07:26:19.982Z"
165672119,"FCN","1705044364","s","200","14300","3655000","2024-01-12T07:26:19.982Z","2024-01-12T07:26:19.982Z"
165672118,"FCN","1705044364","s","200","14300","3655000","2024-01-12T07:26:19.982Z","2024-01-12T07:26:19.982Z"
165672117,"FCN","1705044364","s","500","14300","3655000","2024-01-12T07:26:19.982Z","2024-01-12T07:26:19.982Z"
165672116,"FCN","1705044364","s","3000","14300","3655000","2024-01-12T07:26:19.982Z","2024-01-12T07:26:19.982Z"
165672115,"FCN","1705044364","s","200","14300","3655000","2024-01-12T07:26:19.982Z","2024-01-12T07:26:19.982Z"
165672114,"FCN","1705044364","s","300","14300","3655000","2024-01-12T07:26:19.982Z","2024-01-12T07:26:19.982Z"
165671755,"FCN","1705044356","s","500","14300","3649200","2024-01-12T07:26:11.979Z","2024-01-12T07:26:11.979Z"
165671754,"FCN","1705044356","s","500","14300","3649200","2024-01-12T07:26:11.979Z","2024-01-12T07:26:11.979Z"
165671753,"FCN","1705044356","s","100","14300","3649200","2024-01-12T07:26:11.979Z","2024-01-12T07:26:11.979Z"
165670304,"FCN","1705044327","s","400","14300","3647800","2024-01-12T07:25:42.983Z","2024-01-12T07:25:42.983Z"
165670303,"FCN","1705044327","s","1000","14300","3647800","2024-01-12T07:25:42.983Z","2024-01-12T07:25:42.983Z"
165669476,"FCN","1705044311","b","8500","14350","3647800","2024-01-12T07:25:26.975Z","2024-01-12T07:25:26.975Z"
165669475,"FCN","1705044311","b","2500","14300","3647800","2024-01-12T07:25:26.975Z","2024-01-12T07:25:26.975Z"
165669474,"FCN","1705044311","b","1000","14300","3647800","2024-01-12T07:25:26.975Z","2024-01-12T07:25:26.975Z"
165669473,"FCN","1705044311","b","300","14300","3647800","2024-01-12T07:25:26.975Z","2024-01-12T07:25:26.975Z"
165669429,"FCN","1705044310","b","100","14300","3635400","2024-01-12T07:25:25.992Z","2024-01-12T07:25:25.992Z"
165669102,"FCN","1705044303","b","400","14300","3635400","2024-01-12T07:25:18.992Z","2024-01-12T07:25:18.992Z"
165669101,"FCN","1705044303","b","200","14300","3635400","2024-01-12T07:25:18.992Z","2024-01-12T07:25:18.992Z"
165669019,"FCN","1705044302","b","500","14300","3634800","2024-01-12T07:25:17.971Z","2024-01-12T07:25:17.971Z"
165668514,"FCN","1705044292","b","500","14300","3633800","2024-01-12T07:25:07.977Z","2024-01-12T07:25:07.977Z"
165668353,"FCN","1705044289","b","100","14300","3633700","2024-01-12T07:25:04.981Z","2024-01-12T07:25:04.981Z"
165668281,"FCN","1705044287","b","100","14300","3633600","2024-01-12T07:25:02.976Z","2024-01-12T07:25:02.976Z"
165668195,"FCN","1705044284","b","100","14300","3633600","2024-01-12T07:25:00.975Z","2024-01-12T07:25:00.975Z"
165667063,"FCN","1705044261","s","500","14300","3633500","2024-01-12T07:24:36.996Z","2024-01-12T07:24:36.996Z"
165667062,"FCN","1705044261","s","800","14300","3633500","2024-01-12T07:24:36.996Z","2024-01-12T07:24:36.996Z"
165667061,"FCN","1705044261","s","2500","14300","3633500","2024-01-12T07:24:36.996Z","2024-01-12T07:24:36.996Z"
165667060,"FCN","1705044261","s","100","14300","3633500","2024-01-12T07:24:36.996Z","2024-01-12T07:24:36.996Z"
165667059,"FCN","1705044261","s","500","14300","3633500","2024-01-12T07:24:36.996Z","2024-01-12T07:24:36.996Z"
165667058,"FCN","1705044261","s","100","14300","3633500","2024-01-12T07:24:36.996Z","2024-01-12T07:24:36.996Z"
165667057,"FCN","1705044261","s","500","14300","3633500","2024-01-12T07:24:36.996Z","2024-01-12T07:24:36.996Z"
165667056,"FCN","1705044261","s","300","14300","3633500","2024-01-12T07:24:36.996Z","2024-01-12T07:24:36.996Z"
165666975,"FCN","1705044259","s","5000","14300","3623200","2024-01-12T07:24:34.981Z","2024-01-12T07:24:34.981Z"
165666465,"FCN","1705044248","s","2000","14300","3621200","2024-01-12T07:24:23.981Z","2024-01-12T07:24:23.981Z"
165665215,"FCN","1705044221","b","1000","14350","3620200","2024-01-12T07:23:56.979Z","2024-01-12T07:23:56.979Z"
165665156,"FCN","1705044219","s","200","14350","3620200","2024-01-12T07:23:55.977Z","2024-01-12T07:23:55.977Z"
165664885,"FCN","1705044214","b","300","14350","3620000","2024-01-12T07:23:49.975Z","2024-01-12T07:23:49.975Z"
165664884,"FCN","1705044214","b","500","14350","3620000","2024-01-12T07:23:49.975Z","2024-01-12T07:23:49.975Z"
165664883,"FCN","1705044214","b","1000","14350","3620000","2024-01-12T07:23:49.975Z","2024-01-12T07:23:49.975Z"
165664736,"FCN","1705044210","s","1900","14300","3616300","2024-01-12T07:23:45.994Z","2024-01-12T07:23:45.994Z"
165664716,"FCN","1705044210","b","2000","14350","3614300","2024-01-12T07:23:44.988Z","2024-01-12T07:23:44.988Z"
165664043,"FCN","1705044195","b","100","14350","3614300","2024-01-12T07:23:31.008Z","2024-01-12T07:23:31.008Z"
165663014,"FCN","1705044176","s","800","14300","3613200","2024-01-12T07:23:12.991Z","2024-01-12T07:23:12.991Z"
165663013,"FCN","1705044176","s","200","14300","3613200","2024-01-12T07:23:12.991Z","2024-01-12T07:23:12.991Z"
165662424,"FCN","1705044165","s","100","14300","3613200","2024-01-12T07:23:01.987Z","2024-01-12T07:23:01.987Z"
165661811,"FCN","1705044155","b","200","14300","3613100","2024-01-12T07:22:50.994Z","2024-01-12T07:22:50.994Z"
165661591,"FCN","1705044151","b","500","14300","3610900","2024-01-12T07:22:46.980Z","2024-01-12T07:22:46.980Z"
165661590,"FCN","1705044151","b","1500","14300","3610900","2024-01-12T07:22:46.980Z","2024-01-12T07:22:46.980Z"
165661240,"FCN","1705044145","b","2500","14300","3610900","2024-01-12T07:22:41.008Z","2024-01-12T07:22:41.008Z"
165661239,"FCN","1705044145","b","6000","14300","3610900","2024-01-12T07:22:41.008Z","2024-01-12T07:22:41.008Z"
165661238,"FCN","1705044145","b","1500","14300","3610900","2024-01-12T07:22:41.008Z","2024-01-12T07:22:41.008Z"
165661237,"FCN","1705044145","b","1000","14300","3610900","2024-01-12T07:22:41.008Z","2024-01-12T07:22:41.008Z"
165660660,"FCN","1705044135","b","1000","14300","3599900","2024-01-12T07:22:30.987Z","2024-01-12T07:22:30.987Z"
165660380,"FCN","1705044131","b","500","14250","3598300","2024-01-12T07:22:27.984Z","2024-01-12T07:22:27.984Z"
165660379,"FCN","1705044131","b","100","14250","3598300","2024-01-12T07:22:27.984Z","2024-01-12T07:22:27.984Z"
