"id","symbol","truncTime","matchType","matchVol","matchPrice","accumulatedVolume","createdAt","updatedAt"
165685205,"NBC","1705045516","unknown","1900","12500","142400","2024-01-12T07:45:17.984Z","2024-01-12T07:45:17.984Z"
165681222,"NBC","1705044559","b","100","12500","140500","2024-01-12T07:29:21.984Z","2024-01-12T07:29:21.984Z"
165680798,"NBC","1705044553","b","100","12500","140400","2024-01-12T07:29:15.003Z","2024-01-12T07:29:15.003Z"
165677849,"NBC","1705044496","b","100","12500","140300","2024-01-12T07:28:17.982Z","2024-01-12T07:28:17.982Z"
165674431,"NBC","1705044421","s","400","12300","140200","2024-01-12T07:27:02.987Z","2024-01-12T07:27:02.987Z"
165674314,"NBC","1705044419","unknown","1000","12400","139800","2024-01-12T07:27:00.977Z","2024-01-12T07:27:00.977Z"
165647045,"NBC","1705043986","s","300","12300","138800","2024-01-12T07:19:47.994Z","2024-01-12T07:19:47.994Z"
165641724,"NBC","1705043947","s","2000","12300","138500","2024-01-12T07:19:09.018Z","2024-01-12T07:19:09.018Z"
165633316,"NBC","1705043890","b","500","12400","136500","2024-01-12T07:18:12.040Z","2024-01-12T07:18:12.040Z"
165571440,"NBC","1705043149","s","500","12400","136000","2024-01-12T07:05:50.963Z","2024-01-12T07:05:50.963Z"
165564616,"NBC","1705042966","s","300","12400","135500","2024-01-12T07:02:47.962Z","2024-01-12T07:02:47.962Z"
165564120,"NBC","1705042953","s","100","12400","135200","2024-01-12T07:02:34.955Z","2024-01-12T07:02:34.955Z"
165563989,"NBC","1705042947","s","3400","12400","135100","2024-01-12T07:02:27.955Z","2024-01-12T07:02:27.955Z"
165562483,"NBC","1705042910","s","200","12400","131700","2024-01-12T07:01:51.968Z","2024-01-12T07:01:51.968Z"
165561650,"NBC","1705042889","s","1000","12400","131500","2024-01-12T07:01:30.958Z","2024-01-12T07:01:30.958Z"
165556923,"NBC","1705042753","s","1000","12400","130500","2024-01-12T06:59:13.967Z","2024-01-12T06:59:13.967Z"
165547953,"NBC","1705042493","s","100","12400","129500","2024-01-12T06:54:53.988Z","2024-01-12T06:54:53.988Z"
165502074,"NBC","1705041376","s","200","12400","129400","2024-01-12T06:36:16.945Z","2024-01-12T06:36:16.945Z"
165500746,"NBC","1705041355","s","100","12400","129200","2024-01-12T06:35:57.012Z","2024-01-12T06:35:57.012Z"
165485606,"NBC","1705040959","s","1500","12400","129100","2024-01-12T06:29:20.920Z","2024-01-12T06:29:20.920Z"
165473380,"NBC","1705040667","s","3200","12400","127600","2024-01-12T06:24:27.921Z","2024-01-12T06:24:27.921Z"
165472187,"NBC","1705040636","b","100","12400","124400","2024-01-12T06:23:56.953Z","2024-01-12T06:23:56.953Z"
165471732,"NBC","1705040622","b","500","12400","124300","2024-01-12T06:23:43.922Z","2024-01-12T06:23:43.922Z"
165464831,"NBC","1705040427","b","1000","12400","123800","2024-01-12T06:20:29.924Z","2024-01-12T06:20:29.924Z"
165463328,"NBC","1705040389","b","300","12400","122800","2024-01-12T06:19:50.916Z","2024-01-12T06:19:50.916Z"
165454885,"NBC","1705040050","b","1000","12400","122500","2024-01-12T06:14:11.916Z","2024-01-12T06:14:11.916Z"
165451021,"NBC","1705039915","b","8900","12400","121500","2024-01-12T06:11:56.931Z","2024-01-12T06:11:56.931Z"
165449732,"NBC","1705039876","s","1000","12400","112600","2024-01-12T06:11:17.911Z","2024-01-12T06:11:17.911Z"
165439773,"NBC","1705039605","s","1000","12400","111600","2024-01-12T06:06:45.916Z","2024-01-12T06:06:45.916Z"
165433797,"NBC","1705039418","s","2000","12400","110600","2024-01-12T06:03:38.930Z","2024-01-12T06:03:38.930Z"
165413769,"NBC","1705033175","s","2000","12400","108600","2024-01-12T04:19:35.840Z","2024-01-12T04:19:35.840Z"
165412595,"NBC","1705033099","s","4500","12400","106600","2024-01-12T04:18:20.843Z","2024-01-12T04:18:20.843Z"
165396880,"NBC","1705032171","s","3000","12400","102100","2024-01-12T04:02:52.825Z","2024-01-12T04:02:52.825Z"
165385714,"NBC","1705031783","s","1700","12400","99100","2024-01-12T03:56:24.817Z","2024-01-12T03:56:24.817Z"
165381279,"NBC","1705031656","s","1300","12400","97400","2024-01-12T03:54:17.869Z","2024-01-12T03:54:17.869Z"
165376185,"NBC","1705031537","s","4000","12400","96100","2024-01-12T03:52:18.813Z","2024-01-12T03:52:18.813Z"
165367667,"NBC","1705031173","s","3000","12400","92100","2024-01-12T03:46:14.798Z","2024-01-12T03:46:14.798Z"
165345486,"NBC","1705030234","s","100","12500","89100","2024-01-12T03:30:35.810Z","2024-01-12T03:30:35.810Z"
165340267,"NBC","1705030004","s","300","12500","89000","2024-01-12T03:26:45.830Z","2024-01-12T03:26:45.830Z"
165336958,"NBC","1705029805","s","100","12400","88700","2024-01-12T03:23:27.783Z","2024-01-12T03:23:27.783Z"
165332015,"NBC","1705029581","s","100","12400","88600","2024-01-12T03:19:42.790Z","2024-01-12T03:19:42.790Z"
165330668,"NBC","1705029534","s","400","12400","88500","2024-01-12T03:18:55.787Z","2024-01-12T03:18:55.787Z"
165329138,"NBC","1705029480","b","1000","12400","88100","2024-01-12T03:18:02.814Z","2024-01-12T03:18:02.814Z"
165323090,"NBC","1705029261","b","200","12400","87100","2024-01-12T03:14:23.777Z","2024-01-12T03:14:23.777Z"
165321180,"NBC","1705029191","b","1400","12400","86900","2024-01-12T03:13:12.792Z","2024-01-12T03:13:12.792Z"
165315359,"NBC","1705028992","b","1200","12400","85500","2024-01-12T03:09:53.791Z","2024-01-12T03:09:53.791Z"
165314464,"NBC","1705028970","b","100","12400","84300","2024-01-12T03:09:31.841Z","2024-01-12T03:09:31.841Z"
165313290,"NBC","1705028937","b","500","12400","84200","2024-01-12T03:08:58.777Z","2024-01-12T03:08:58.777Z"
165312995,"NBC","1705028929","b","900","12400","83700","2024-01-12T03:08:50.781Z","2024-01-12T03:08:50.781Z"
165310933,"NBC","1705028884","s","300","12400","82800","2024-01-12T03:08:05.876Z","2024-01-12T03:08:05.876Z"
165309920,"NBC","1705028860","b","1700","12500","82500","2024-01-12T03:07:41.784Z","2024-01-12T03:07:41.784Z"
165299503,"NBC","1705028639","s","200","12300","80800","2024-01-12T03:04:00.792Z","2024-01-12T03:04:00.792Z"
165298141,"NBC","1705028604","b","100","12500","80600","2024-01-12T03:03:25.802Z","2024-01-12T03:03:25.802Z"
165291491,"NBC","1705028424","s","5000","12300","80500","2024-01-12T03:00:26.778Z","2024-01-12T03:00:26.778Z"
165287901,"NBC","1705028301","s","2000","12400","75500","2024-01-12T02:58:22.771Z","2024-01-12T02:58:22.771Z"
165283500,"NBC","1705028174","s","27000","12400","73500","2024-01-12T02:56:15.773Z","2024-01-12T02:56:15.773Z"
165267804,"NBC","1705027781","b","200","12500","46500","2024-01-12T02:49:43.779Z","2024-01-12T02:49:43.779Z"
165263212,"NBC","1705027675","b","400","12500","46300","2024-01-12T02:47:56.795Z","2024-01-12T02:47:56.795Z"
165249945,"NBC","1705027314","unknown","100","12500","45900","2024-01-12T02:41:56.765Z","2024-01-12T02:41:56.765Z"
165249766,"NBC","1705027307","b","100","12500","45800","2024-01-12T02:41:49.841Z","2024-01-12T02:41:49.841Z"
165248647,"NBC","1705027281","b","200","12500","45700","2024-01-12T02:41:23.771Z","2024-01-12T02:41:23.771Z"
165246189,"NBC","1705027226","b","100","12500","45500","2024-01-12T02:40:28.759Z","2024-01-12T02:40:28.759Z"
165241724,"NBC","1705027106","s","900","12400","45400","2024-01-12T02:38:27.788Z","2024-01-12T02:38:27.788Z"
165241406,"NBC","1705027098","s","1000","12400","44500","2024-01-12T02:38:19.748Z","2024-01-12T02:38:19.748Z"
165240784,"NBC","1705027085","s","100","12400","43500","2024-01-12T02:38:07.773Z","2024-01-12T02:38:07.773Z"
165238534,"NBC","1705027029","b","100","12500","43400","2024-01-12T02:37:11.774Z","2024-01-12T02:37:11.774Z"
165232792,"NBC","1705026905","s","500","12400","43300","2024-01-12T02:35:06.768Z","2024-01-12T02:35:06.768Z"
165228113,"NBC","1705026820","s","500","12400","42800","2024-01-12T02:33:41.790Z","2024-01-12T02:33:41.790Z"
165226633,"NBC","1705026799","s","20900","12400","42300","2024-01-12T02:33:20.772Z","2024-01-12T02:33:20.772Z"
165225166,"NBC","1705026776","b","2400","12400","21400","2024-01-12T02:32:58.784Z","2024-01-12T02:32:58.784Z"
165224447,"NBC","1705026763","b","500","12400","19000","2024-01-12T02:32:44.760Z","2024-01-12T02:32:44.760Z"
165224208,"NBC","1705026760","b","1000","12400","18500","2024-01-12T02:32:41.809Z","2024-01-12T02:32:41.809Z"
165205986,"NBC","1705026464","b","9200","12400","17500","2024-01-12T02:27:45.751Z","2024-01-12T02:27:45.751Z"
165203145,"NBC","1705026414","s","1000","12400","8300","2024-01-12T02:26:55.794Z","2024-01-12T02:26:55.794Z"
165152800,"NBC","1705025721","unknown","100","12600","7300","2024-01-12T02:15:22.738Z","2024-01-12T02:15:22.738Z"
165151442,"NBC","1705025581","s","1000","12500","7200","2024-01-12T02:13:02.724Z","2024-01-12T02:13:02.724Z"
165151392,"NBC","1705025565","s","1000","12500","6200","2024-01-12T02:12:46.721Z","2024-01-12T02:12:46.721Z"
165151371,"NBC","1705025557","s","3200","12500","5200","2024-01-12T02:12:38.722Z","2024-01-12T02:12:38.722Z"
165151263,"NBC","1705025519","s","2000","12500","2000","2024-01-12T02:12:00.721Z","2024-01-12T02:12:00.721Z"
