"id","symbol","truncTime","matchType","matchVol","matchPrice","accumulatedVolume","createdAt","updatedAt"
165684915,"TCM","1705045488","unknown","82100","40550","291700","2024-01-12T07:45:04.024Z","2024-01-12T07:45:04.024Z"
165682363,"TCM","1705044563","s","200","40400","291500","2024-01-12T07:29:39.025Z","2024-01-12T07:29:39.025Z"
165681673,"TCM","1705044552","b","700","40450","290800","2024-01-12T07:29:28.030Z","2024-01-12T07:29:28.030Z"
165681116,"TCM","1705044544","b","600","40450","290200","2024-01-12T07:29:19.996Z","2024-01-12T07:29:19.996Z"
165678700,"TCM","1705044498","b","500","40450","289700","2024-01-12T07:28:33.985Z","2024-01-12T07:28:33.985Z"
165677648,"TCM","1705044477","b","1400","40450","289700","2024-01-12T07:28:12.982Z","2024-01-12T07:28:12.982Z"
165677647,"TCM","1705044477","b","600","40450","289700","2024-01-12T07:28:12.982Z","2024-01-12T07:28:12.982Z"
165676415,"TCM","1705044453","b","3000","40450","284700","2024-01-12T07:27:48.971Z","2024-01-12T07:27:48.971Z"
165675176,"TCM","1705044424","b","300","40450","284400","2024-01-12T07:27:19.976Z","2024-01-12T07:27:19.976Z"
165674867,"TCM","1705044417","b","1000","40450","283400","2024-01-12T07:27:12.982Z","2024-01-12T07:27:12.982Z"
165674401,"TCM","1705044407","s","100","40450","283300","2024-01-12T07:27:02.987Z","2024-01-12T07:27:02.987Z"
165672140,"TCM","1705044364","b","100","40450","277400","2024-01-12T07:26:19.982Z","2024-01-12T07:26:19.982Z"
165672139,"TCM","1705044364","b","5800","40450","277400","2024-01-12T07:26:19.982Z","2024-01-12T07:26:19.982Z"
165671625,"TCM","1705044353","b","1600","40400","270600","2024-01-12T07:26:08.976Z","2024-01-12T07:26:08.976Z"
165671624,"TCM","1705044353","b","1000","40400","270600","2024-01-12T07:26:08.976Z","2024-01-12T07:26:08.976Z"
165671623,"TCM","1705044353","b","100","40400","270600","2024-01-12T07:26:08.976Z","2024-01-12T07:26:08.976Z"
165671622,"TCM","1705044353","b","100","40400","270600","2024-01-12T07:26:08.976Z","2024-01-12T07:26:08.976Z"
165671621,"TCM","1705044353","b","4000","40400","270600","2024-01-12T07:26:08.976Z","2024-01-12T07:26:08.976Z"
165670942,"TCM","1705044339","b","1000","40400","269600","2024-01-12T07:25:54.981Z","2024-01-12T07:25:54.981Z"
165663542,"TCM","1705044185","s","200","40200","269200","2024-01-12T07:23:20.982Z","2024-01-12T07:23:20.982Z"
165663541,"TCM","1705044185","s","200","40250","269200","2024-01-12T07:23:20.982Z","2024-01-12T07:23:20.982Z"
165662516,"TCM","1705044167","b","3200","40250","265900","2024-01-12T07:23:02.998Z","2024-01-12T07:23:02.998Z"
165662515,"TCM","1705044167","b","100","40250","265900","2024-01-12T07:23:02.998Z","2024-01-12T07:23:02.998Z"
165661689,"TCM","1705044153","b","2800","40200","263100","2024-01-12T07:22:48.983Z","2024-01-12T07:22:48.983Z"
165660901,"TCM","1705044139","b","1000","40200","262100","2024-01-12T07:22:34.986Z","2024-01-12T07:22:34.986Z"
165656800,"TCM","1705044081","b","200","40200","261600","2024-01-12T07:21:36.993Z","2024-01-12T07:21:36.993Z"
165656799,"TCM","1705044081","b","300","40200","261600","2024-01-12T07:21:36.993Z","2024-01-12T07:21:36.993Z"
165655591,"TCM","1705044064","b","200","40100","261400","2024-01-12T07:21:20.985Z","2024-01-12T07:21:20.985Z"
165655128,"TCM","1705044063","b","3000","40100","258400","2024-01-12T07:21:18.968Z","2024-01-12T07:21:18.968Z"
165653719,"TCM","1705044044","b","200","40100","258400","2024-01-12T07:21:00.031Z","2024-01-12T07:21:00.031Z"
165653360,"TCM","1705044040","b","100","40100","258200","2024-01-12T07:20:55.996Z","2024-01-12T07:20:55.996Z"
165652744,"TCM","1705044031","s","100","40100","256700","2024-01-12T07:20:46.995Z","2024-01-12T07:20:46.995Z"
165652743,"TCM","1705044031","s","100","40100","256700","2024-01-12T07:20:46.995Z","2024-01-12T07:20:46.995Z"
165652742,"TCM","1705044031","s","500","40100","256700","2024-01-12T07:20:46.995Z","2024-01-12T07:20:46.995Z"
165652741,"TCM","1705044031","s","600","40100","256700","2024-01-12T07:20:46.995Z","2024-01-12T07:20:46.995Z"
165652740,"TCM","1705044031","s","100","40150","256700","2024-01-12T07:20:46.995Z","2024-01-12T07:20:46.995Z"
165645251,"TCM","1705043958","s","400","40100","249200","2024-01-12T07:19:35.021Z","2024-01-12T07:19:35.021Z"
165645250,"TCM","1705043958","s","1000","40100","249200","2024-01-12T07:19:35.021Z","2024-01-12T07:19:35.021Z"
165645249,"TCM","1705043958","s","100","40100","249200","2024-01-12T07:19:35.021Z","2024-01-12T07:19:35.021Z"
165645248,"TCM","1705043958","s","5000","40100","249200","2024-01-12T07:19:35.021Z","2024-01-12T07:19:35.021Z"
165645247,"TCM","1705043958","s","200","40100","249200","2024-01-12T07:19:35.021Z","2024-01-12T07:19:35.021Z"
165645246,"TCM","1705043958","s","100","40100","249200","2024-01-12T07:19:35.021Z","2024-01-12T07:19:35.021Z"
165645245,"TCM","1705043958","s","100","40100","249200","2024-01-12T07:19:35.021Z","2024-01-12T07:19:35.021Z"
165645244,"TCM","1705043958","s","500","40100","249200","2024-01-12T07:19:35.021Z","2024-01-12T07:19:35.021Z"
165645243,"TCM","1705043958","s","100","40150","249200","2024-01-12T07:19:35.021Z","2024-01-12T07:19:35.021Z"
165635459,"TCM","1705043887","b","1000","40150","248200","2024-01-12T07:18:23.089Z","2024-01-12T07:18:23.089Z"
165630717,"TCM","1705043862","b","100","40150","248100","2024-01-12T07:17:58.045Z","2024-01-12T07:17:58.045Z"
165628412,"TCM","1705043850","s","100","40150","248100","2024-01-12T07:17:47.043Z","2024-01-12T07:17:47.043Z"
165628411,"TCM","1705043850","s","400","40150","248100","2024-01-12T07:17:47.043Z","2024-01-12T07:17:47.043Z"
165628410,"TCM","1705043850","s","300","40150","248100","2024-01-12T07:17:47.043Z","2024-01-12T07:17:47.043Z"
165628409,"TCM","1705043850","s","100","40150","248100","2024-01-12T07:17:47.043Z","2024-01-12T07:17:47.043Z"
165628408,"TCM","1705043850","s","2000","40150","248100","2024-01-12T07:17:47.043Z","2024-01-12T07:17:47.043Z"
165628407,"TCM","1705043850","s","200","40150","248100","2024-01-12T07:17:47.043Z","2024-01-12T07:17:47.043Z"
165628406,"TCM","1705043850","s","600","40150","248100","2024-01-12T07:17:47.043Z","2024-01-12T07:17:47.043Z"
165628405,"TCM","1705043850","s","10000","40150","248100","2024-01-12T07:17:47.043Z","2024-01-12T07:17:47.043Z"
165628404,"TCM","1705043850","s","100","40150","248100","2024-01-12T07:17:47.043Z","2024-01-12T07:17:47.043Z"
165628403,"TCM","1705043850","s","200","40150","248100","2024-01-12T07:17:47.043Z","2024-01-12T07:17:47.043Z"
165628402,"TCM","1705043850","s","100","40150","248100","2024-01-12T07:17:47.043Z","2024-01-12T07:17:47.043Z"
165628401,"TCM","1705043850","s","100","40150","248100","2024-01-12T07:17:47.043Z","2024-01-12T07:17:47.043Z"
165628400,"TCM","1705043850","s","300","40150","248100","2024-01-12T07:17:47.043Z","2024-01-12T07:17:47.043Z"
165624267,"TCM","1705043829","s","200","40150","230700","2024-01-12T07:17:25.001Z","2024-01-12T07:17:25.001Z"
165624266,"TCM","1705043829","s","500","40150","230700","2024-01-12T07:17:25.001Z","2024-01-12T07:17:25.001Z"
165624265,"TCM","1705043829","s","2000","40150","230700","2024-01-12T07:17:25.001Z","2024-01-12T07:17:25.001Z"
165624264,"TCM","1705043829","s","100","40150","230700","2024-01-12T07:17:25.001Z","2024-01-12T07:17:25.001Z"
165624263,"TCM","1705043829","s","100","40150","230700","2024-01-12T07:17:25.001Z","2024-01-12T07:17:25.001Z"
165613030,"TCM","1705043767","s","100","40200","230200","2024-01-12T07:16:23.031Z","2024-01-12T07:16:23.031Z"
165613029,"TCM","1705043767","s","200","40200","230200","2024-01-12T07:16:23.031Z","2024-01-12T07:16:23.031Z"
165613028,"TCM","1705043767","s","200","40200","230200","2024-01-12T07:16:23.031Z","2024-01-12T07:16:23.031Z"
165596154,"TCM","1705043604","s","100","40200","230200","2024-01-12T07:13:39.963Z","2024-01-12T07:13:39.963Z"
165596153,"TCM","1705043604","s","1000","40200","230200","2024-01-12T07:13:39.963Z","2024-01-12T07:13:39.963Z"
165596152,"TCM","1705043604","s","2900","40200","230200","2024-01-12T07:13:39.963Z","2024-01-12T07:13:39.963Z"
165593072,"TCM","1705043563","s","100","40200","225700","2024-01-12T07:12:58.965Z","2024-01-12T07:12:58.965Z"
165593071,"TCM","1705043563","s","100","40200","225700","2024-01-12T07:12:58.965Z","2024-01-12T07:12:58.965Z"
165593070,"TCM","1705043563","s","100","40200","225700","2024-01-12T07:12:58.965Z","2024-01-12T07:12:58.965Z"
165593069,"TCM","1705043563","s","100","40250","225700","2024-01-12T07:12:58.965Z","2024-01-12T07:12:58.965Z"
165593068,"TCM","1705043563","s","100","40300","225700","2024-01-12T07:12:58.965Z","2024-01-12T07:12:58.965Z"
165572276,"TCM","1705043154","s","500","40400","225200","2024-01-12T07:06:09.959Z","2024-01-12T07:06:09.959Z"
165570016,"TCM","1705043087","b","4200","40450","220200","2024-01-12T07:05:02.959Z","2024-01-12T07:05:02.959Z"
165570015,"TCM","1705043087","b","100","40450","220200","2024-01-12T07:05:02.959Z","2024-01-12T07:05:02.959Z"
165570014,"TCM","1705043087","b","700","40450","220200","2024-01-12T07:05:02.959Z","2024-01-12T07:05:02.959Z"
165569540,"TCM","1705043074","b","2000","40400","218200","2024-01-12T07:04:49.961Z","2024-01-12T07:04:49.961Z"
165567258,"TCM","1705043015","s","100","40400","218200","2024-01-12T07:03:50.958Z","2024-01-12T07:03:50.958Z"
165566268,"TCM","1705042987","b","300","40450","215100","2024-01-12T07:03:22.958Z","2024-01-12T07:03:22.958Z"
165566267,"TCM","1705042987","b","1000","40450","215100","2024-01-12T07:03:22.958Z","2024-01-12T07:03:22.958Z"
165566266,"TCM","1705042987","b","100","40450","215100","2024-01-12T07:03:22.958Z","2024-01-12T07:03:22.958Z"
165566265,"TCM","1705042987","b","1600","40450","215100","2024-01-12T07:03:22.958Z","2024-01-12T07:03:22.958Z"
165565477,"TCM","1705042973","b","100","40400","215000","2024-01-12T07:03:08.971Z","2024-01-12T07:03:08.971Z"
165565155,"TCM","1705042965","b","1000","40400","214000","2024-01-12T07:03:00.961Z","2024-01-12T07:03:00.961Z"
165562832,"TCM","1705042905","b","1000","40400","213000","2024-01-12T07:02:00.968Z","2024-01-12T07:02:00.968Z"
165561657,"TCM","1705042875","b","3900","40400","209000","2024-01-12T07:01:32.050Z","2024-01-12T07:01:32.050Z"
165561656,"TCM","1705042875","b","100","40400","209000","2024-01-12T07:01:32.050Z","2024-01-12T07:01:32.050Z"
165561160,"TCM","1705042860","b","2000","40300","207000","2024-01-12T07:01:14.990Z","2024-01-12T07:01:14.990Z"
165560373,"TCM","1705042839","b","600","40200","206400","2024-01-12T07:00:54.964Z","2024-01-12T07:00:54.964Z"
165559456,"TCM","1705042817","s","100","40200","206000","2024-01-12T07:00:33.959Z","2024-01-12T07:00:33.959Z"
165559455,"TCM","1705042817","s","300","40200","206000","2024-01-12T07:00:33.959Z","2024-01-12T07:00:33.959Z"
165554972,"TCM","1705042667","b","3000","40300","203000","2024-01-12T06:58:03.957Z","2024-01-12T06:58:03.957Z"
165554489,"TCM","1705042659","b","5000","40300","203000","2024-01-12T06:57:54.977Z","2024-01-12T06:57:54.977Z"
165553838,"TCM","1705042639","s","700","40200","195000","2024-01-12T06:57:34.950Z","2024-01-12T06:57:34.950Z"
165553837,"TCM","1705042639","s","1000","40200","195000","2024-01-12T06:57:34.950Z","2024-01-12T06:57:34.950Z"
165553836,"TCM","1705042639","s","1000","40200","195000","2024-01-12T06:57:34.950Z","2024-01-12T06:57:34.950Z"
