"id","symbol","truncTime","matchType","matchVol","matchPrice","accumulatedVolume","createdAt","updatedAt"
165685108,"VC2","1705045506","unknown","34500","10100","406800","2024-01-12T07:45:08.988Z","2024-01-12T07:45:08.988Z"
165681997,"VC2","1705044571","s","5000","10100","372300","2024-01-12T07:29:32.989Z","2024-01-12T07:29:32.989Z"
165677642,"VC2","1705044491","s","100","10100","367300","2024-01-12T07:28:12.982Z","2024-01-12T07:28:12.982Z"
165663238,"VC2","1705044194","s","900","10100","367200","2024-01-12T07:23:16.016Z","2024-01-12T07:23:16.016Z"
165659608,"VC2","1705044131","b","500","10100","366300","2024-01-12T07:22:12.973Z","2024-01-12T07:22:12.973Z"
165658911,"VC2","1705044120","b","500","10100","365800","2024-01-12T07:22:01.972Z","2024-01-12T07:22:01.972Z"
165653157,"VC2","1705044052","b","500","10100","365300","2024-01-12T07:20:53.989Z","2024-01-12T07:20:53.989Z"
165652298,"VC2","1705044041","s","1200","10000","364800","2024-01-12T07:20:43.028Z","2024-01-12T07:20:43.028Z"
165652091,"VC2","1705044039","s","100","10000","363600","2024-01-12T07:20:41.003Z","2024-01-12T07:20:41.003Z"
165638693,"VC2","1705043925","s","900","10100","363500","2024-01-12T07:18:47.012Z","2024-01-12T07:18:47.012Z"
165607735,"VC2","1705043744","b","5000","10300","362600","2024-01-12T07:15:46.147Z","2024-01-12T07:15:46.147Z"
165600970,"VC2","1705043674","b","1000","10200","357600","2024-01-12T07:14:35.048Z","2024-01-12T07:14:35.048Z"
165594066,"VC2","1705043593","b","2100","10200","356600","2024-01-12T07:13:14.980Z","2024-01-12T07:13:14.980Z"
165590125,"VC2","1705043536","s","10000","10100","354500","2024-01-12T07:12:16.968Z","2024-01-12T07:12:16.968Z"
165586191,"VC2","1705043463","b","2400","10300","344500","2024-01-12T07:11:04.971Z","2024-01-12T07:11:04.971Z"
165582039,"VC2","1705043384","b","1500","10200","342100","2024-01-12T07:09:45.987Z","2024-01-12T07:09:45.987Z"
165580615,"VC2","1705043348","b","2000","10200","340600","2024-01-12T07:09:09.959Z","2024-01-12T07:09:09.959Z"
165577672,"VC2","1705043286","b","200","10300","338600","2024-01-12T07:08:07.968Z","2024-01-12T07:08:07.968Z"
165570237,"VC2","1705043109","b","8900","10300","338400","2024-01-12T07:05:10.959Z","2024-01-12T07:05:10.959Z"
165559435,"VC2","1705042831","b","100","10200","329500","2024-01-12T07:00:32.962Z","2024-01-12T07:00:32.962Z"
165541434,"VC2","1705042329","b","100","10300","329400","2024-01-12T06:52:10.948Z","2024-01-12T06:52:10.948Z"
165540736,"VC2","1705042312","s","9400","10200","329300","2024-01-12T06:51:52.954Z","2024-01-12T06:51:52.954Z"
165525492,"VC2","1705041929","s","300","10100","319900","2024-01-12T06:45:30.949Z","2024-01-12T06:45:30.949Z"
165491109,"VC2","1705041111","b","100","10200","319600","2024-01-12T06:31:52.942Z","2024-01-12T06:31:52.942Z"
165490459,"VC2","1705041089","s","500","10100","319500","2024-01-12T06:31:29.926Z","2024-01-12T06:31:29.926Z"
165485836,"VC2","1705040963","unknown","2000","10200","319000","2024-01-12T06:29:24.961Z","2024-01-12T06:29:24.961Z"
165481778,"VC2","1705040856","s","2000","10200","317000","2024-01-12T06:27:36.931Z","2024-01-12T06:27:36.931Z"
165466645,"VC2","1705040478","s","600","10200","315000","2024-01-12T06:21:19.927Z","2024-01-12T06:21:19.927Z"
165465075,"VC2","1705040436","s","1600","10200","314400","2024-01-12T06:20:37.921Z","2024-01-12T06:20:37.921Z"
165462914,"VC2","1705040373","b","2700","10200","312800","2024-01-12T06:19:34.924Z","2024-01-12T06:19:34.924Z"
165461303,"VC2","1705040313","b","200","10200","310100","2024-01-12T06:18:34.916Z","2024-01-12T06:18:34.916Z"
165454859,"VC2","1705040048","b","700","10200","309900","2024-01-12T06:14:09.915Z","2024-01-12T06:14:09.915Z"
165449446,"VC2","1705039867","s","1500","10100","309200","2024-01-12T06:11:08.921Z","2024-01-12T06:11:08.921Z"
165439988,"VC2","1705039608","s","900","10100","307700","2024-01-12T06:06:49.091Z","2024-01-12T06:06:49.091Z"
165434091,"VC2","1705039423","b","600","10200","306800","2024-01-12T06:03:44.913Z","2024-01-12T06:03:44.913Z"
165433301,"VC2","1705039399","s","2500","10100","306200","2024-01-12T06:03:20.012Z","2024-01-12T06:03:20.012Z"
165426644,"VC2","1705039216","s","500","10100","303700","2024-01-12T06:00:17.956Z","2024-01-12T06:00:17.956Z"
165426413,"VC2","1705039214","b","300","10200","303200","2024-01-12T06:00:15.974Z","2024-01-12T06:00:15.974Z"
165422390,"VC2","1705033792","s","15000","10100","302900","2024-01-12T04:29:53.851Z","2024-01-12T04:29:53.851Z"
165419929,"VC2","1705033625","s","8000","10100","287900","2024-01-12T04:27:06.844Z","2024-01-12T04:27:06.844Z"
165414133,"VC2","1705033200","s","3000","10200","279900","2024-01-12T04:20:01.857Z","2024-01-12T04:20:01.857Z"
165405594,"VC2","1705032635","s","3900","10200","276900","2024-01-12T04:10:36.835Z","2024-01-12T04:10:36.835Z"
165404031,"VC2","1705032574","b","700","10200","273000","2024-01-12T04:09:36.835Z","2024-01-12T04:09:36.835Z"
165402528,"VC2","1705032513","s","2600","10200","272300","2024-01-12T04:08:34.847Z","2024-01-12T04:08:34.847Z"
165401517,"VC2","1705032438","s","3900","10200","269700","2024-01-12T04:07:19.830Z","2024-01-12T04:07:19.830Z"
165394724,"VC2","1705032070","s","7900","10200","265800","2024-01-12T04:01:11.829Z","2024-01-12T04:01:11.829Z"
165366753,"VC2","1705031123","unknown","100","10200","257900","2024-01-12T03:45:24.799Z","2024-01-12T03:45:24.799Z"
165365264,"VC2","1705031039","b","6900","10200","257800","2024-01-12T03:44:00.801Z","2024-01-12T03:44:00.801Z"
165351024,"VC2","1705030421","s","1000","10200","250900","2024-01-12T03:33:42.785Z","2024-01-12T03:33:42.785Z"
165342025,"VC2","1705030098","b","2900","10300","249900","2024-01-12T03:28:19.782Z","2024-01-12T03:28:19.782Z"
165338369,"VC2","1705029889","s","500","10200","247000","2024-01-12T03:24:50.788Z","2024-01-12T03:24:50.788Z"
165337887,"VC2","1705029862","s","4000","10200","246500","2024-01-12T03:24:24.781Z","2024-01-12T03:24:24.781Z"
165336469,"VC2","1705029778","b","4500","10200","242500","2024-01-12T03:23:00.791Z","2024-01-12T03:23:00.791Z"
165328991,"VC2","1705029476","s","11000","10100","238000","2024-01-12T03:17:58.794Z","2024-01-12T03:17:58.794Z"
165322505,"VC2","1705029239","s","4100","10200","227000","2024-01-12T03:14:00.820Z","2024-01-12T03:14:00.820Z"
165321163,"VC2","1705029189","s","900","10200","222900","2024-01-12T03:13:10.784Z","2024-01-12T03:13:10.784Z"
165319477,"VC2","1705029128","s","3900","10200","222000","2024-01-12T03:12:09.778Z","2024-01-12T03:12:09.778Z"
165318962,"VC2","1705029109","s","1100","10200","218100","2024-01-12T03:11:50.783Z","2024-01-12T03:11:50.783Z"
165318438,"VC2","1705029094","s","200","10200","217000","2024-01-12T03:11:35.774Z","2024-01-12T03:11:35.774Z"
165316086,"VC2","1705029018","s","8000","10200","216800","2024-01-12T03:10:19.788Z","2024-01-12T03:10:19.788Z"
165316065,"VC2","1705029017","s","2700","10200","208800","2024-01-12T03:10:18.776Z","2024-01-12T03:10:18.776Z"
165314701,"VC2","1705028976","s","10000","10200","206100","2024-01-12T03:09:37.778Z","2024-01-12T03:09:37.778Z"
165310288,"VC2","1705028868","s","2000","10200","196100","2024-01-12T03:07:49.801Z","2024-01-12T03:07:49.801Z"
165298250,"VC2","1705028607","s","5900","10200","194100","2024-01-12T03:03:27.780Z","2024-01-12T03:03:27.780Z"
165296384,"VC2","1705028563","b","100","10200","188200","2024-01-12T03:02:44.788Z","2024-01-12T03:02:44.788Z"
165291744,"VC2","1705028431","s","6000","10100","188100","2024-01-12T03:00:33.787Z","2024-01-12T03:00:33.787Z"
165276311,"VC2","1705027968","s","4200","10100","182100","2024-01-12T02:52:49.779Z","2024-01-12T02:52:49.779Z"
165271179,"VC2","1705027853","s","5000","10100","177900","2024-01-12T02:50:54.787Z","2024-01-12T02:50:54.787Z"
165259017,"VC2","1705027567","b","1600","10100","172900","2024-01-12T02:46:08.769Z","2024-01-12T02:46:08.769Z"
165258677,"VC2","1705027555","b","9900","10100","171300","2024-01-12T02:45:56.765Z","2024-01-12T02:45:56.765Z"
165256124,"VC2","1705027495","b","100","10100","161400","2024-01-12T02:44:56.766Z","2024-01-12T02:44:56.766Z"
165254933,"VC2","1705027455","b","500","10100","161300","2024-01-12T02:44:16.755Z","2024-01-12T02:44:16.755Z"
165254271,"VC2","1705027435","b","100","10100","160800","2024-01-12T02:43:56.767Z","2024-01-12T02:43:56.767Z"
165253688,"VC2","1705027420","b","2200","10100","160700","2024-01-12T02:43:41.756Z","2024-01-12T02:43:41.756Z"
165252919,"VC2","1705027400","b","2000","10100","158500","2024-01-12T02:43:20.815Z","2024-01-12T02:43:20.815Z"
165241904,"VC2","1705027111","b","100","10100","156500","2024-01-12T02:38:32.754Z","2024-01-12T02:38:32.754Z"
165240195,"VC2","1705027070","b","100","10100","156400","2024-01-12T02:37:52.766Z","2024-01-12T02:37:52.766Z"
165238506,"VC2","1705027028","b","300","10100","156300","2024-01-12T02:37:10.749Z","2024-01-12T02:37:10.749Z"
165237658,"VC2","1705027009","b","5600","10100","156000","2024-01-12T02:36:50.778Z","2024-01-12T02:36:50.778Z"
165234578,"VC2","1705026938","s","9400","10100","150400","2024-01-12T02:35:40.795Z","2024-01-12T02:35:40.795Z"
165221908,"VC2","1705026720","b","20000","10200","141000","2024-01-12T02:32:01.763Z","2024-01-12T02:32:01.763Z"
165221792,"VC2","1705026717","b","500","10100","121000","2024-01-12T02:31:58.773Z","2024-01-12T02:31:58.773Z"
165217919,"VC2","1705026654","s","1000","10000","120500","2024-01-12T02:30:55.807Z","2024-01-12T02:30:55.807Z"
165217189,"VC2","1705026641","b","4000","10100","119500","2024-01-12T02:30:42.769Z","2024-01-12T02:30:42.769Z"
165215935,"VC2","1705026619","b","4800","10000","115500","2024-01-12T02:30:20.780Z","2024-01-12T02:30:20.780Z"
165215635,"VC2","1705026614","b","2000","10000","110700","2024-01-12T02:30:15.819Z","2024-01-12T02:30:15.819Z"
165215465,"VC2","1705026612","b","500","10000","108700","2024-01-12T02:30:13.754Z","2024-01-12T02:30:13.754Z"
165215214,"VC2","1705026608","b","200","10000","108200","2024-01-12T02:30:09.773Z","2024-01-12T02:30:09.773Z"
165213808,"VC2","1705026588","b","13000","10000","108000","2024-01-12T02:29:49.782Z","2024-01-12T02:29:49.782Z"
165211219,"VC2","1705026548","b","1000","10100","95000","2024-01-12T02:29:09.758Z","2024-01-12T02:29:09.758Z"
165204780,"VC2","1705026444","b","1000","10100","94000","2024-01-12T02:27:25.745Z","2024-01-12T02:27:25.745Z"
165200923,"VC2","1705026377","s","4400","10000","93000","2024-01-12T02:26:19.764Z","2024-01-12T02:26:19.764Z"
165200386,"VC2","1705026372","b","1100","10000","88600","2024-01-12T02:26:13.790Z","2024-01-12T02:26:13.790Z"
165200287,"VC2","1705026371","b","1000","10000","87500","2024-01-12T02:26:12.928Z","2024-01-12T02:26:12.928Z"
165200201,"VC2","1705026370","b","500","10000","86500","2024-01-12T02:26:11.817Z","2024-01-12T02:26:11.817Z"
165199763,"VC2","1705026363","b","2000","10000","86000","2024-01-12T02:26:04.782Z","2024-01-12T02:26:04.782Z"
165199132,"VC2","1705026353","b","200","10000","84000","2024-01-12T02:25:55.744Z","2024-01-12T02:25:55.744Z"
165198643,"VC2","1705026347","b","2900","10000","83800","2024-01-12T02:25:49.774Z","2024-01-12T02:25:49.774Z"
165198502,"VC2","1705026346","b","600","10000","80900","2024-01-12T02:25:47.755Z","2024-01-12T02:25:47.755Z"
165197685,"VC2","1705026335","b","1200","10000","80300","2024-01-12T02:25:36.771Z","2024-01-12T02:25:36.771Z"
